2355 3204
1621 252 1703 292 385

297 374 400 418 Quae
425 384 444 407 a
471 383 529 406 me
555 370 591 406 in
618 369 714 405 hunc
742 367 890 403 modum
919 365 1172 401 emendantur:

0 467 7 504 ’ζ
627 460 810 507 Arbingas
839 459 948 504 Ingos
974 456 1043 492 tela
1070 456 1285 504 arbingano-

0 507 8 584 i
676 522 722 567 liu
750 519 877 566 Ingom
907 515 1061 552 dohtrim
1091 514 1234 550 daedun

3 595 7 638 ᾗ
727 589 796 613 anu
825 575 1034 611 Vodurides
1062 573 1182 609 staina.

11 601 13 691 l
295 634 330 665 et
356 632 558 664 vertuntur:

509 697 678 733 Heredes
705 697 813 746 Ingae
842 695 1072 731 commodum
1100 692 1275 729 heredum
1301 690 1404 739 adju-

640 760 799 792 mentum
828 755 923 804 Ingis
951 753 1090 790 filiabus
1115 752 1279 788 fecerunt

750 814 785 850 in
810 813 1010 849 Voduridis
1036 811 1164 861 lapide.

11 938 12 941 Ἴ
301 891 320 927 i.
347 904 395 927 e.:
424 891 592 928 Heredes
616 892 725 941 Ingae
762 891 950 927 consilium
970 890 1124 926 inierunt
1147 901 1167 923 e
1194 900 1233 923 re
1261 898 1325 921 sua
1346 881 1522 923 familiari,
1552 892 1643 929 quae
1671 890 1762 926 opus

10 951 12 993 l
381 955 516 992 essent,
554 951 649 1000 Ingis
683 950 824 986 filiabus
849 949 1043 986 commode
1081 943 1390 984 subministrandi2
1433 940 1531 990 quod
1558 937 1762 977 eonsilium,

380 1022 453 1058 quo
478 1011 595 1056 major
618 1009 810 1045 auctoritas
837 1015 872 1045 et
899 1009 986 1045 fides
1020 1007 1053 1043 ei
1086 1006 1282 1046 afferretur,
1314 1003 1350 1038 in
1383 998 1581 1038 Voduridis
1608 996 1763 1045 lapidem

380 1068 614 1104 incidendum
643 1072 821 1104 curarunt.

302 1159 407 1195 Hanc
433 1159 673 1208 inscriptionis
703 1165 840 1208 partem
867 1158 1072 1199 Muncliius‚
1100 1162 1137 1193 ut
1161 1159 1235 1204 jam
1264 1153 1427 1193 indicavi,
1456 1148 1628 1199 explicari
1657 1158 1765 1197 posse

153 1217 302 1267 negavit.
356 1218 532 1268 Opinatur
557 1223 690 1254 tantum
718 1217 915 1254 exstitisse:
961 1216 1137 1253 »heredes
1170 1220 1205 1251 et
1236 1214 1307 1250 filia
1341 1210 1473 1261 aliquid
1506 1209 1541 1245 in
1568 1204 1767 1243 Voduridis

10 1304 12 1318 ,
154 1276 309 1326 lapidem
346 1277 454 1313 incidi
489 1279 707 1325 jusserunt«
763 1276 850 1312 Mihi
879 1276 1024 1326 quidem
1052 1276 1264 1324 persuasum
1297 1276 1365 1314 est,
1396 1267 1604 1306 Munchium
1632 1266 1766 1314 ipsum,

11 1345 12 1349 ’
155 1336 185 1372 si
212 1336 320 1372 literis
346 1336 413 1372 illis
452 1337 557 1372 mutis
596 1336 742 1372 nimium
782 1348 854 1372 non
885 1335 1082 1376 tribuisset,
1123 1338 1159 1369 et
1190 1330 1374 1381 imprimis,
1402 1329 1432 1365 si
1461 1327 1611 1377 primam
1638 1337 1767 1361 secun-

155 1395 224 1431 dae
255 1395 370 1431 lineae
398 1395 575 1444 syllabam
607 1395 652 1430 ad
680 1395 900 1431 antecedens
924 1394 1140 1430 vocabulum
1168 1391 1362 1430 retulisset,
1397 1387 1498 1424 aliter
1524 1385 1767 1433 judicaturum

157 1454 283 1495 fuisse:
309 1455 427 1490 nodus
456 1454 549 1490 enim
579 1453 808 1503 quaestionis,
836 1458 873 1489 ut
897 1453 942 1489 ita
970 1453 1101 1495 dicam,
1131 1452 1166 1487 in
1195 1450 1261 1486 hac
1290 1450 1366 1498 ipsa
1394 1445 1533 1496 syllaba
1558 1444 1666 1485 inest,
1695 1454 1766 1491 quo

157 1514 292 1556 soluto,
322 1513 432 1550 ceteri
464 1513 618 1553 facilius,
658 1518 695 1549 ut
721 1512 804 1548 mihi
845 1512 990 1561 quidem
1027 1512 1177 1552 videtur,
1205 1509 1295 1546 solvi
1322 1512 1481 1557 possunt.
1537 1503 1646 1548 Quod
1674 1501 1703 1537 si
1733 1501 1768 1536 in

157 1572 340 1609 solvendis
373 1573 415 1608 iis
442 1584 519 1607 rem
546 1584 612 1608 acu
639 1584 713 1607 non
740 1571 844 1620 plane
873 1571 1041 1621 tetigero,
1076 1570 1141 1606 sed
1168 1569 1203 1605 in
1233 1567 1448 1617 quibusdam
1486 1574 1704 1613 peccaver0‚
1734 1560 1769 1596 id

156 1633 271 1681 ipsum
300 1632 408 1668 velint
434 1630 518 1666 mihi
545 1630 706 1680 legentes
735 1643 800 1679 pro
832 1643 897 1666 sua
926 1629 1141 1665 humanitate
1165 1628 1384 1668 condonare,
1413 1626 1540 1661 iterum
1567 1622 1769 1669 iterumque

157 1703 259 1741 r0g0.
316 1691 419 1726 Nunc
443 1690 489 1726 ad
516 1689 654 1740 singula
684 1703 850 1739 quaeque
875 1688 1095 1737 exponenda
1123 1692 1158 1723 et
1185 1685 1415 1735 expedienda
1442 1683 1645 1733 aggredior.

308 1786 338 1819 1.
395 1783 573 1830 Arbingas
601 1784 722 1830 Ingos,
763 1783 784 1819 i.
824 1796 854 1818 e.
896 1781 1051 1818 heredes
1086 1782 1204 1830 Ingae.
1275 1777 1466 1814 Vocabulo
1501 1775 1668 1822 arbingas
1697 1786 1769 1810 non

160 1842 268 1878 utitur
293 1842 466 1891 Ulphilas,
505 1842 570 1878 sed
598 1844 676 1890 ejus
718 1842 801 1878 loco
836 1841 995 1889 arbjans,
1024 1854 1044 1876 e
1072 1838 1241 1888 singulari
1272 1837 1382 1884 arbja.
1434 1834 1624 1871 vocabula
1651 1839 1769 1869 autem

158 1903 340 1949 gadiliggs
368 1904 582 1951 (gg=ng)‚
607 1901 842 1942 consobrinus,
871 1906 906 1936 et
931 1901 1100 1946 skilliggs‚
1131 1913 1288 1933 nummus
1316 1897 1456 1935 solidus,
1492 1893 1645 1942 probant
1677 1892 1770 1928 deri-

161 1966 256 2001 vata,
286 1960 483 1996 desinentia
511 1961 545 1996 in
574 1967 667 2007 iggs,
694 1960 860 2009 antiquae
890 1958 1095 1995 Gothorum
1131 1957 1273 2006 linguae
1301 1968 1373 1991 non
1412 1953 1559 1989 omnino
1596 1952 1770 1989 defuisse:

165 2020 259 2055 unde
287 2019 454 2067 ‹ll-bingas
481 2020 566 2056 illud
592 2019 736 2069 gothice
754 2031 900 2068 quoque
929 2017 1032 2053 reddi
1060 2017 1233 2066 potuisset
1258 2015 1430 2061 arhiggos.
1458 2035 1502 2039 —
1531 2014 1643 2058 luges,
1671 2009 1771 2045 femi-

162 2078 283 2114 ninum
313 2091 462 2120 nomen,
502 2091 627 2127 puram
654 2078 801 2128 genitivi
829 2078 980 2113 formam
1020 2075 1184 2117 exhibet,
1223 2081 1329 2123 atque
1369 2072 1512 2119 gothice
1554 2070 1773 2106 scriberetur

166 2135 276 2184 Iggos.
329 2136 470 2172 Nomen
499 2138 589 2183 Iuga
630 2137 827 2185 majoribus
865 2136 995 2173 nostris
1024 2136 1184 2185 ignotum
1228 2146 1301 2169 non
1342 2132 1403 2168 fuit
1424 2135 1468 2180 ¹),
1511 2142 1629 2178 neque
1667 2128 1773 2174 hujus

167 2196 288 2232 aetatis
314 2195 520 2231 hominibus
547 2195 708 2245 ignotum
736 2201 797 2231 est.

315 2284 347 2319 2.
406 2285 469 2319 Tel
491 2284 746 2330 arbinganojlu,
777 2282 1011 2318 commodum
1028 2281 1203 2317 heredum
1233 2280 1496 2328 adjumentum,
1523 2277 1542 2312 i.
1563 2290 1592 2312 e.
1611 2289 1773 2312 commo-

173 2339 256 2375 dum
283 2341 528 2389 adjumentum
556 2354 603 2378 ex
633 2342 763 2391 opibus
795 2341 970 2378 heredum
1002 2339 1236 2376 afferendum.
1290 2337 1424 2374 Prioris
1451 2336 1616 2372 vocabuli
1655 2342 1774 2385 poste-

173 2397 286 2433 riores
309 2399 430 2437 literae
455 2401 633 2437 mutilatae
659 2406 755 2442 sunt,
785 2407 836 2442 ut,
865 2413 957 2449 quae
984 2412 1070 2435 vere
1099 2398 1244 2440 fuerint,
1279 2411 1325 2434 ex
1363 2398 1439 2446 ipsa
1466 2396 1696 2444 inscriptione
1723 2397 1775 2431 in-

175 2455 297 2504 dagari
321 2470 393 2494 non
422 2460 543 2507 possit.
607 2461 823 2508 Conjectura
860 2459 967 2508 igitur
1008 2470 1099 2507 opus
1140 2457 1218 2499 fuit,
1259 2470 1327 2506 qua
1365 2456 1470 2498 facta,
1517 2455 1630 2492 nullas
1656 2455 1775 2491 inveni

174 2514 345 2562 aptiores,
371 2529 462 2565 quae
486 2519 722 2561 restituantur,
749 2530 856 2568 quam
882 2534 898 2553 e
921 2522 956 2553 et
981 2518 1001 2559 l,
1030 2517 1075 2553 ita
1101 2522 1137 2553 ut
1155 2522 1266 2553 totum
1282 2515 1500 2552 vocabulum
1520 2515 1579 2551 fiat
1603 2516 1655 2557 tel,
1678 2514 1777 2563 quod

282 2632 307 2663 1)
324 2632 393 2658 Vide
411 2632 549 2668 Liljegreu,
567 2636 766 2668 Runurkunder‚
785 2637 835 2662 Nm
854 2636 1001 2667 496-498,
1019 2637 1078 2668 520,
1099 2637 1156 2668 712,
1175 2636 1250 2667 2009,
1269 2635 1345 2666 2010,
1364 2636 1395 2661 ai.

0 3165 17 3204 sl
