2435 3188
1645 251 1724 293 121

178 347 226 383 ob
255 359 331 384 rem
359 348 464 385 etiam
488 350 581 387 illam
608 350 753 387 nomine
781 350 993 386 Clerckiano
1028 350 1275 399 appellandam
1308 364 1390 387 esse
1417 365 1498 388 cum
1526 354 1774 395 Wsss‘rnmero

175 417 373 449 censerem,
398 408 535 445 etiamsi
562 421 634 446 non
661 408 787 445 melius
814 408 849 444 in
877 421 966 451 eam,
995 421 1102 458 quam
1136 409 1172 445 in
1198 410 1241 445 L.
1271 420 1447 446 saccatum
1475 412 1613 449 Koch.
1643 427 1774 452 conve-

174 464 290 501 nirent
323 465 514 515 descriptio
549 473 584 504 et
616 468 753 516 figurae
795 468 984 504 Crssncxn.
1029 491 1070 496 —
1111 468 1170 504 De
1208 468 1354 505 nomine
1386 471 1588 519 paludicvla
1611 472 1693 508 vide
1722 486 1772 522 sp.

172 523 413 572 superiorem:
443 528 485 562 A.
505 528 749 576 paladicolam.
779 548 821 553 -—
849 527 953 570 Quae
978 526 1024 562 de
1053 527 1097 562 A.
1125 537 1297 564 amentata
1329 527 1420 570 dixi,
1455 529 1489 565 in
1522 531 1565 565 A.
1599 541 1772 568 saccatum

174 582 295 619 Linn.
325 596 471 634 quoque
499 586 644 627 cadunt;
670 584 740 621 hoc
766 597 898 620 nomen
932 607 977 612 —
1003 586 1102 634 quod
1129 591 1317 635 praeterea
1332 587 1508 624 maximas
1532 588 1768 637 perturbatio-

174 653 239 677 nes
268 643 337 689 jam
364 642 423 679 diu
454 644 564 680 movit
592 667 636 673 --
662 643 895 692 rejiciendum
919 643 1025 694 igitur
1039 649 1101 687 est,
1130 658 1240 694 quum
1269 645 1422 681 eandem
1445 647 1602 695 speciem
1627 660 1771 696 reprae—

171 704 296 743 sentet,
324 714 418 750 quae
444 716 464 738 a
493 704 683 740 Cnnncxio
711 703 755 738 A.
784 712 978 739 amentatus
1005 708 1163 740 vocatur.
1214 705 1260 741 L.
1289 715 1447 741 saccatae
1472 705 1610 743 Koch.
1637 719 1770 743 novum

172 771 306 796 nomen
337 760 463 798 indere
490 774 641 799 necesse
669 766 737 798 est:
766 773 899 798 nomen
925 762 972 798 L.
998 764 1188 809 agricolam
1214 776 1392 812 propono.

316 845 410 883 LYC.
443 851 598 898 ayricola
637 850 738 897 (quae
775 849 973 896 subgenei·is
1015 850 1192 885 Par-closae
1225 850 1354 886 Koch.
1382 854 1448 898 est)
1475 864 1493 886 a
1521 851 1563 886 L.
1592 860 1768 887 amentata

167 903 260 939 facile
299 906 530 944 internoscitur
571 907 934 956 ceplnalothorace
962 909 1067 943 antice
1095 910 1301 957 angustiore,
1326 911 1432 945 minus
1460 916 1583 952 tamen,
1615 923 1713 959 quam
1740 912 1769 946 in

166 963 208 998 L.
241 967 435 1007 monticola,
472 967 584 1003 colore
617 965 813 1015 plerumque
841 968 1104 1010 cinereo-fusco,
1145 969 1223 1003 vitta
1251 968 1373 1003 dorsali
1400 968 1687 1017 cephalothoracis
1713 983 1770 1005 an-

162 1024 226 1058 tice
265 1032 452 1072 angustata,
482 1027 513 1061 in
539 1028 652 1074 primis
694 1032 802 1061 autem
838 1026 939 1061 forma
979 1032 1157 1075 epigynes,
1189 1040 1274 1075 quae
1301 1034 1335 1062 ut
1360 1029 1391 1063 in
1419 1028 1462 1063 L.
1491 1029 1670 1064 monticola
1699 1028 1769 1064 sere

163 1089 229 1124 est,
258 1083 318 1119 sed
345 1087 450 1132 major
474 1092 506 1120 et
532 1086 640 1126 latior,
673 1098 781 1120 aream
811 1087 896 1121 enim
924 1086 1041 1121 format
1070 1087 1361 1134 sub-quadratam,
1395 1089 1501 1123 antice
1526 1088 1636 1136 paullo
1665 1101 1767 1135 angu-

161 1143 312 1185 stiorem,
346 1146 441 1192 apice
468 1145 517 1180 bis
552 1144 758 1180 rotundatam
789 1150 821 1180 et
853 1145 1233 1193 elevato-marginatam,
1267 1147 1297 1181 in
1326 1146 1436 1182 medio
1462 1147 1525 1182 late
1556 1148 1766 1195 impressam,

160 1201 232 1236 basi
268 1203 547 1246 sub-truncatam,
588 1204 714 1251 angulis
741 1204 784 1238 ibi
816 1203 883 1239 fere
917 1205 1032 1245 rectis,
1074 1205 1508 1241 sub-tuberculi-formibus.
1538 1227 1584 1233 —
1612 1205 1655 1240 L.
1685 1218 1765 1240 vero

161 1269 337 1296 amentata
364 1262 765 1310 cephalothoracem
793 1264 898 1298 antice
926 1263 1072 1298 latiorem
1101 1263 1215 1306 habet,
1243 1271 1276 1299 ut
1302 1266 1332 1299 in
1355 1265 1398 1300 L.
1410 1265 1628 1314 paludicola,
1643 1265 1765 1312 fumi-

158 1328 264 1366 gata,
297 1321 469 1368 lignaria,
502 1323 645 1371 pallata
673 1324 830 1371 (subgen.
857 1322 1034 1357 Leimonia
1060 1322 1228 1371 Koch),
1254 1325 1364 1358 vittam
1396 1324 1560 1360 dorsalem
1587 1325 1693 1359 antice
1720 1324 1766 1358 la-

160 1381 294 1422 tiorem,
332 1382 415 1416 inter
457 1388 584 1430 partem
616 1382 819 1430 cephalicam
847 1389 880 1418 et
910 1381 1110 1417 thoracicam
1146 1384 1298 1431 utrinque
1332 1383 1497 1432 profunde
1529 1384 1663 1419 incisam
1695 1384 1764 1419 sive

158 1446 295 1487 repente
328 1447 550 1488 angustatam,
591 1442 736 1477 colorem
771 1443 923 1491 corporis
953 1442 1120 1477 olivaeeo-
1147 1442 1200 1477 vel
1234 1442 1529 1484 flaventi-fuscum3
1562 1447 1706 1491 epigyne
1731 1443 1762 1478 in

156 1498 232 1547 hac!
256 1501 371 1548 specie
406 1507 534 1536 constat
568 1514 609 1536 ex
635 1514 711 1536 area
740 1501 997 1550 sub-quadrata,
1034 1501 1162 1549 angulis
1197 1502 1311 1537 anticis
1347 1501 1529 1537 rotundatis
1557 1507 1590 1537 et
1616 1502 1762 1537 elevato—

156 1560 357 1607 marginatis,
387 1561 416 1594 in
444 1560 552 1596 medio
584 1566 677 1595 costa
715 1561 819 1602 tenui,
860 1575 920 1609 per
953 1567 1053 1596 totam
1094 1561 1331 1608 longitudinem
1373 1567 1526 1603 extensa,
1566 1560 1761 1609 duabusque

156 1617 224 1653 aliis
252 1620 369 1661 costis,
396 1621 424 1654 in
454 1619 560 1654 media
591 1621 735 1669 epigyne
761 1621 941 1656 orientibus
971 1626 1004 1656 et
1031 1620 1071 1655 ad
1099 1621 1193 1656 basin
1222 1621 1357 1668 oblique
1376 1619 1499 1661 ductis,
1524 1625 1649 1661 notatzv,
1677 1632 1760 1668 quae

156 1683 284 1718 costae,
313 1679 475 1714 interdum
504 1681 608 1714 minus
636 1679 823 1720 evidentes,
853 1680 1091 1728 impressiones
1119 1680 1169 1715 vel
1193 1680 1322 1726 foveas
1345 1688 1508 1728 quattuor
1535 1677 1698 1727 obliquas,
1725 1684 1758 1713 in

154 1738 360 1784 quadratum
390 1739 572 1786 (lis-positas
598 1738 762 1773 definiunt.

382 1866 442 1915 sp.
472 1867 503 1903 9.
553 1866 809 1903 TRABALIS.
841 1879 874 1915 p.
903 1865 961 1903 97.
990 1867 1040 1903 Pl.
1069 1867 1102 1902 4.
1131 1865 1201 1903 tab.
1229 1866 1262 1902 9.

233 1956 293 1989 Syn,
318 1954 449 1992 Lycosa
473 1956 623 1984 trabalis
645 1956 725 1983 Sund.
750 1956 810 1983 Act.
835 1955 927 1983 Holm.
955 1958 1039 1985 1832.
1062 1966 1087 1994 p.
1115 1958 1176 1983 182.
1200 1955 1230 1989 (2
1251 1957 1377 1987 tantum.)

380 2015 392 2029 u
476 2015 580 2033 vorax
661 2008 694 2032 id.
747 2004 811 2033 ibid.
835 2015 859 2042 p.
886 2008 949 2032 183.

379 2065 391 2079 «
521 2066 534 2079 α
648 2056 743 2082 Walck.
767 2055 823 2082 Ins.
846 2056 911 2092 Apt.
935 2055 956 2083 Ι.
979 2064 1004 2092 p.
1029 2057 1084 2082 313
1108 2053 1150 2086 (ad
1173 2057 1297 2092 partem.)

314 2103 387 2140 Lyc.
410 2104 620 2137 (Tarantula)
643 2114 747 2132 vorax
771 2106 847 2132 Koch.
872 2104 922 2132 Die
944 2103 1062 2132 Arachn.
1085 2103 1162 2131 XIV.
1184 2113 1209 2140 p.
1236 2106 1300 2130 173.
1323 2103 1388 2139 figg.
1415 2104 1620 2130 1393—1394.

315 2152 445 2190 Lycosa
477 2154 624 2181 trabalis
651 2156 742 2181 Wescr.
765 2154 825 2181 Act.
849 2153 968 2181 Gothob.
994 2155 1078 2180 1851.
1101 2162 1126 2189 p.
1152 2155 1197 2180 53.

599 2212 861 2262 [TARENTULA
890 2209 1086 2247 trabalis
1111 2208 1314 2260 (Clerclc.)]

708 2338 742 2374 p.
772 2325 830 2361 98.
857 2323 908 2360 Pl.
936 2324 969 2359 4.
997 2322 1066 2359 tab.
1097 2323 1159 2358 10:

232 2411 294 2444 Syn.
316 2411 446 2449 Lycosa
468 2413 596 2442 nivalis
617 2414 698 2442 Suntl.
721 2415 782 2442 Act.
805 2412 899 2441 Holm.
925 2415 1008 2440 1832.
1031 2421 1055 2449 p.
1082 2414 1145 2438 184.

313 2459 386 2497 Lyc.
410 2461 621 2494 (Tarautula)
644 2462 799 2490 taeniata
823 2464 898 2490 Koch.
924 2462 972 2489 Die
1006 2460 1124 2489 Arachn.
1148 2459 1224 2487 XIV.
1246 2468 1271 2496 p.
1297 2461 1360 2486 178.
1383 2458 1445 2495 figg.
1472 2459 1675 2486 1396—1397.

315 2508 445 2546 Lycosa
720 2522 733 2536 α
826 2513 916 2539 Westr.
940 2512 1001 2538 Act.
1024 2509 1144 2538 Gothob.
1170 2511 1254 2537 185¹.
1276 2517 1301 2546 p.
1327 2511 1371 2536 53.

631 2570 760 2619 [TAnn
770 2581 901 2608 NTULA
927 2573 968 2606 ta
976 2581 996 2606 e
1004 2568 1046 2604 ni
1054 2572 1094 2605 at
1102 2580 1123 2605 a
1148 2568 1277 2618 Koch]

1557 2657 1602 2692 16
