2435 3188
1609 252 1689 293 275

142 363 384 415 ρανυῇἵοναφη,
410 361 441 396 in
466 359 592 395 Fennia
619 373 635 395 a
664 359 881 395 Ledebourio
909 358 1098 399 indicatam,
1132 359 1158 393 si
1186 357 1318 405 quidem
1346 357 1467 393 ibidem
1497 358 1580 392 lecta
1619 359 1673 399 sit,
1700 357 1738 391 ad

149 424 247 461 Fam.
284 420 447 457 Vaillanti
475 419 680 455 referendam
707 431 783 454 esse
807 418 917 452 statuit
943 416 1051 452 Fries.

294 504 379 540 Obs.
409 503 469 539 IV.
520 502 673 539 Varietas
704 503 842 550 insignis
864 507 896 537 et
923 502 1056 536 forsitan
1084 501 1216 548 species
1245 500 1394 535 distincta
1431 506 1482 535 est
1509 500 1610 534 forma
1644 513 1741 547 snpra

148 567 238 603 allata
261 564 426 611 segetulis,
452 566 546 610 cujus
578 576 643 597 non
680 562 738 596 nisi
771 560 941 608 exemplar
969 561 1098 595 unicum
1132 559 1361 607 imperfectum
1388 558 1463 600 vidi,
1492 572 1508 593 a
1536 557 1599 593 Dr.
1628 557 1742 605 Lange

147 628 178 661 in
202 623 357 671 Hispania
384 624 561 665 inventum,
589 620 680 670 quod
706 621 797 668 prius
824 633 1000 667 perperam
1029 619 1070 654 ad
1097 619 1305 655 Fumarium
1329 619 1472 653 Reaterz·
1500 616 1611 652 Boiss.
1641 617 1741 651 retuli.

593 767 635 807 5.
698 769 886 807 Famam-ia
919 769 1134 821 abyssim‘ea
1167 782 1202 806 n.
1236 781 1294 821 sp.

291 880 330 916 F.
362 878 535 915 fructibus
571 878 805 914 subrotundis
839 877 977 913 obtusis
1014 875 1417 925 tuberculato-rugosis,
1459 874 1589 923 sepalis
1631 873 1743 909 ovatis

116 938 351 976 'acuminatis
386 938 629 987 irregulariter
666 937 951 973 inciso—dentatis
989 935 1126 971 corolla
1162 935 1238 971 fere
1275 934 1476 984 quadruplo
1517 932 1744 969 brevioribus

145 1000 294 1047 ejusque
324 997 412 1034 tubo
449 996 729 1046 angustioribus,
775 995 928 1031 bracteis
968 994 1166 1043 pedicellos
1202 993 1403 1030 fructiferos
1440 996 1742 1041 erecto-patentes

143 1057 362 1108 longitudine
389 1056 636 1106 aequantibus,
660 1054 828 1090 foliorum
844 1053 978 1090 laciniis
994 1052 1382 1103 oblongo-lanceolatis
1398 1051 1605 1088 acuminatis
1621 1050 1741 1099 planis.

144 1153 315 1190 Fumaria
341 1151 528 1199 fficinaliS
555 1149 743 1199 Schimper
759 1151 812 1200 pl.
843 1155 942 1185 exsic.
971 1150 1092 1185 Itiner.
1121 1147 1314 1196 abyssinz'ci.

142 1239 221 1274 Icon
246 1235 374 1272 Nostra
399 1235 468 1272 tab.
492 1236 553 1272 VI.

145 1325 292 1363 Habitat
320 1325 357 1362 in
379 1327 473 1376 agris
502 1325 643 1363 hordeo
670 1325 817 1362 consitis
843 1326 1017 1362 Demerki
1043 1325 1265 1374 Abyssiniae
1295 1324 1466 1375 (Sclcimp.
1484 1321 1621 1359 inherb.
1652 1322 1743 1356 Mus.

219 1386 399 1435 Berolin.)

295 1479 417 1514 Radix
444 1493 560 1522 annua,
586 1479 727 1527 gracilis.
786 1478 906 1515 Caulis
932 1484 1063 1515 erectus
1094 1477 1145 1513 vel
1170 1475 1389 1512 adscendens.
1442 1476 1543 1511 Folia
1571 1489 1612 1510 ex
1638 1475 1744 1523 petio-

147 1538 185 1573 lis
211 1539 347 1586 trigonis
374 1539 635 1587 bipinnatisecta‚
662 1539 784 1574 laciniis
812 1536 1193 1587 oblongis-lanceolatis,
1221 1536 1456 1571 obtusiusculis
1485 1548 1559 1570 cum
1586 1546 1744 1569 mucrone

146 1597 197 1632 vel
236 1598 355 1639 acutis,
390 1598 512 1645 Planis·,
553 1597 667 1646 petioli
706 1597 891 1633 secundarii
926 1598 1015 1632 recti.
1080 1596 1223 1630 Racemz·
1256 1595 1486 1643 oppositifolii‚
1519 1593 1744 1643 peilunculati,

146 1656 324 1705 pauciflori,
351 1657 505 1692 fructiferi
528 1658 687 1705 elongati3
714 1656 867 1704 pedicelli
893 1660 1188 1703 erecto-patentes.
1242 1655 1413 1689 Bramme
1436 1654 1744 1691 albo-virescentes,

146 1728 248 1751 nervo
281 1715 373 1750 viridi
407 1717 600 1759 instructae,
638 1717 792 1757 lineares,
833 1716 1052 1756 acuminatae‚
1094 1713 1279 1762 pedicellos
1319 1713 1504 1749 fructiferos
1543 1711 1744 1760 longitndine

148 1780 327 1822 aequantes
350 1775 401 1810 vel
426 1776 473 1810 eis
499 1776 610 1823 paullo
637 1776 814 1823 longiores.
867 1774 988 1809 Flore—s
1011 1774 1114 1822 parvi,
1143 1773 1243 1808 dilnte
1269 1773 1367 1814 rosei,
1395 1773 1489 1821 apice
1515 1772 1743 1807 obscuriores:

149 1833 291 1881 petalum
320 1834 451 1869 inferius
477 1836 507 1870 in
536 1835 617 1870 flore
645 1835 731 1870 bene
761 1834 925 1882 explicato
960 1834 1155 1881 saepissime
1184 1833 1323 1868 liberum
1350 1838 1383 1867 et
1409 1832 1565 1880 patulum.
1618 1830 1745 1878 Sepala

149 1892 391 1934 roseo-albida,
428 1907 531 1929 nervo
569 1895 754 1929 virescente
791 1894 962 1933 instructa,
993 1899 1105 1933 ovata,
1141 1894 1338 1933 acuminata,
1378 1890 1598 1938 irregulariter
1622 1891 1741 1923 inciso-

150 1950 290 1992 dentata,
314 1954 506 1999 praesertim
535 1966 652 1988 versus
678 1955 817 2001 apicem,
846 1958 958 2000 quarta
989 1957 1083 2000 parte
1111 1951 1256 1986 corollae
1280 1950 1390 1999 paullo
1428 1950 1576 1996 longiora
1604 1951 1742 1995 ejusque

150 2010 230 2045 tubo
250 2012 446 2058 angustiora.
501 2012 660 2047 Petalum
683 2017 842 2061 superius·
869 2025 943 2046 cum
979 2011 1097 2046 calcari
1136 2011 1229 2046 brevi
1265 2010 1333 2045 sere
1363 2008 1537 2044 orbiculari
1562 2008 1660 2042 dilute
1688 2020 1741 2041 ro-

149 2082 252 2110 seum,
281 2071 376 2117 apice
402 2083 545 2117 superne
571 2072 710 2119 gibbum
735 2070 872 2106 viridem
900 2070 1026 2112 format,
1055 2071 1109 2117 qui
1136 2070 1336 2117 marginibus
1356 2069 1436 2109 latis,
1463 2066 1744 2116 patenti-reflexis,

149 2140 307 2163 summam
334 2129 462 2176 apicem
489 2130 733 2177 attingentibus,
757 2131 944 2178 purpureis,
971 2130 1110 2177 cingitur
1170 2128 1333 2163 Petalum
1356 2128 1504 2172 inferius
1530 2127 1597 2161 sere
1613 2127 1742 2166 lineare,

151 2187 470 2230 subcanaliculatum,
514 2191 608 2236 apice
643 2189 766 2224 inferne
794 2189 932 2236 gibbum
971 2188 1069 2223 habet
1096 2186 1242 2229 viridem,
1279 2200 1377 2234 quem
1417 2187 1550 2232 cingunt
1579 2186 1742 2232 margines

150 2245 219 2288 lati,
259 2246 374 2294 patuli,
412 2260 574 2282 summum
615 2249 744 2296 apicem
790 2249 1006 2295 attingentes,
1047 2246 1146 2281 dilute
1184 2247 1351 2294 purpurei.
1414 2244 1541 2279 Petala
1579 2250 1742 2279 interiora

153 2304 511 2353 oblongo-spathulata‚
537 2307 745 2349 albo-rosea,
772 2308 867 2354 apice
894 2312 1151 2353 atro-purpurea
1186 2311 1218 2339 et
1252 2303 1527 2352 longitudinaliter
1558 2304 1742 2351 tri-plicata,

155 2376 171 2397 a
195 2363 304 2398 medio
329 2364 370 2398 ad
397 2365 523 2411 apicem
559 2379 688 2401 sursum
722 2372 866 2401 curvata.
934 2365 1089 2400 Fructus
1133 2363 1366 2405 subrotundus‚
1404 2363 1743 2411 compressiusculus‚

156 2422 302 2463 obtusus,
327 2423 709 2472 tuberculato-rugosus,
737 2426 832 2473 apice
861 2423 1090 2465 bisoveolatus,
1129 2423 1200 2458 basi
1234 2421 1399 2470 pedicello
1429 2423 1608 2457 incrassato
1635 2423 1743 2470 paullo

156 2479 207 2514 vel
233 2481 286 2515 vix
310 2483 483 2528 angustior.

303 2571 384 2607 Icon
411 2581 445 2608 et
468 2574 648 2622 descriptio
672 2575 853 2610 secundum
879 2574 1090 2624 exemplaria
1114 2578 1149 2609 in
1174 2573 1264 2609 herb.
1294 2574 1387 2609 Mus.
1417 2573 1566 2609 Berolc'n.
