2435 3188
694 280 781 321 260

792 386 1003 422 Stamim'bus
1039 399 1191 422 numero
1226 386 1257 428 6,
1299 398 1391 436 quae
1433 385 1468 421 in
1507 384 1741 434 phalangibus
1779 384 1919 421 duabus
1951 389 2032 420 sunt
2069 387 2238 423 connata3

717 443 910 495 phalanges
938 445 1061 494 petalis
1091 444 1333 481 exterioribus
1361 448 1442 480 sunt
1477 443 1679 492 oppositam
1715 442 1869 491 phalanx
1900 442 2066 491 superior
2099 442 2142 477 ad
2176 440 2239 476 ba-

716 503 770 539 sin
798 516 878 539 cum
907 503 1095 552 superiore
1123 503 1240 551 petalo
1268 503 1439 539 cohaeret
1478 502 1555 550 (vix
1584 505 1736 537 connata
1772 506 1855 549 est),
1898 501 1932 537 in
1972 502 2074 548 cujus
2101 499 2239 535 calcare

719 561 901 612 phalangis
929 574 1061 597 nervus
1089 561 1227 597 medius
1251 562 1286 597 in
1314 561 1508 597 nectarium
1525 559 1768 595 calcariforme
1792 564 1846 596 est
1871 560 2066 609 productus
2095 562 2239 607 (exem-

718 621 836 669 plaria,
865 633 956 670 quae
982 620 1070 655 locis
1099 620 1247 655 occultis
1274 624 1449 661 crescunt,
1477 618 1547 654 hoc
1573 618 1732 654 nectario
1757 631 1866 667 saepe
1894 623 2048 667 carent):
2084 616 2238 666 phalanx

717 679 866 715 inferior
895 679 1040 715 omnino
1068 678 1181 713 libera
1205 683 1240 714 et
1263 691 1371 727 supra
1400 678 1554 727 petalum
1582 676 1729 712 inferius
1762 677 1989 725 receptaculo
2017 676 2140 718 affixa,
2177 687 2240 711 ne—

720 739 829 774 ctario
857 742 969 778 caret;
997 737 1214 772 filamentum
1241 741 1348 773 tenue
1374 742 1409 773 et
1435 736 1751 772 membranaceum
1777 735 1812 771 in
1837 735 1955 771 medio
1981 748 2093 770 nervo
2122 733 2239 770 valido

721 802 756 833 et
793 797 936 833 (luobus
982 795 1098 831 minus
1144 796 1348 844 conspicuis
1382 797 1487 843 juxta
1525 794 1704 844 margines
1743 799 1797 830 est
1832 794 2054 835 instructum
2103 792 2241 843 singula

719 855 873 904 phalanx
915 854 1069 890 antheris
1117 858 1189 889 tres
1233 854 1341 903 gerit,
1391 866 1540 903 quarum
1592 853 1711 889 media
1750 852 1955 888 bilocularis
2001 857 2053 888 est
2098 858 2132 888 et
2181 852 2242 888 ali—

720 919 852 963 quanto
892 913 994 948 latior
1035 925 1140 961 quam
1181 912 1343 948 laterales
1393 913 1646 952 uniloculares;
1687 911 1855 947 antherae
1896 911 2033 953 ovales,
2075 911 2240 954 obtusae,

720 978 923 1009 extrorsum
948 984 1074 1007 versae
1102 971 1277 1019 (inprimis
1302 971 1428 1013 media,
1460 971 1622 1007 laterales
1648 971 1693 1006 ad
1719 970 1809 1006 latus
1823 974 2002 1019 vergunt),
2027 970 2241 1020 limalongi-

719 1031 862 1068 tudinali
890 1030 1090 1071 dehiscunt3
1119 1029 1238 1078 pollen
1267 1034 1320 1066 est
1345 1030 1534 1071 viscosum,
1564 1030 1752 1071 lutescens,
1783 1041 1945 1078 opacum,
1972 1028 2172 1078 globosum.

792 1138 970 1175 Pistillo
1000 1137 1116 1179 unico,
1145 1138 1245 1186 quod
1285 1150 1366 1173 cum
1409 1137 1571 1187 stigmate
1609 1142 1663 1174 est
1697 1137 1905 1173 instructum
1946 1137 2105 1179 bicorne,
2140 1139 2243 1185 cujus

647 1210 782 1233 cornua
807 1196 1049 1246 carpophyllis
1077 1202 1157 1232 sunt
1183 1197 1347 1244 opposita
1375 1196 1533 1246 ideoque
1563 1209 1643 1232 cum
1673 1196 1834 1245 placenta
1871 1196 2095 1239 alternantia3
2130 1196 2244 1245 stylus

646 1256 801 1306 gracilis,
832 1256 1097 1304 cylindraceus,
1135 1254 1344 1290 staminibus
1381 1255 1561 1304 aliquanto
1601 1255 1752 1305 longior,
1791 1255 1960 1290 arcuatim
1988 1260 2042 1291 est
2069 1259 2243 1298 curvatus,

647 1320 683 1350 ut
705 1328 872 1363 suprema
911 1327 991 1362 pars
1019 1326 1123 1349 arcus
1162 1313 1207 1348 ad
1236 1313 1390 1361 petalum
1430 1314 1595 1362 superius
1634 1319 1758 1364 vergat
1798 1313 1880 1361 (hac
1916 1314 1999 1362 styli
2039 1315 2245 1351 curvatione

646 1373 805 1415 efficitur,
839 1378 874 1409 ut
912 1373 1060 1408 alterum
1096 1372 1267 1422 stigmatis
1302 1385 1415 1407 cornu
1452 1372 1527 1408 fere
1565 1373 1600 1408 in
1638 1372 1745 1408 altum
1783 1386 1823 1409 se
1866 1373 2007 1420 erigat);
2045 1374 2159 1422 stylus
2198 1387 2246 1410 ex

645 1433 725 1481 ipso
749 1432 849 1480 apice
875 1432 1043 1482 germinis
1068 1431 1264 1479 egreditur,
1299 1444 1482 1480 quumque
1513 1431 1621 1473 cadit,
1656 1431 1754 1480 quod
1785 1432 1996 1480 plerumque
2028 1438 2163 1468 mature
2191 1433 2244 1475 fit,

647 1504 729 1540 pars
755 1494 834 1539 ejus
860 1504 969 1539 saepe
998 1495 1113 1531 restat,
1142 1503 1233 1539 quae
1261 1490 1438 1538 apiculum
1476 1490 1510 1525 in
1544 1490 1659 1525 fructu
1698 1490 1833 1537 juniori
1873 1490 2002 1526 format
2040 1491 2091 1538 (in
2129 1491 2247 1540 speci-

648 1550 738 1586 ebus
767 1550 957 1590 nonnullis,
981 1554 1018 1585 ut
1042 1549 1077 1585 in
1104 1550 1277 1584 Fecmaria
1297 1552 1497 1598 parrg'flora
1528 1556 1562 1585 et
1590 1550 1763 1584 Fumaria
1789 1550 1978 1598 apiculam,
2017 1548 2087 1584 hoc
2125 1550 2245 1598 apicu-

647 1609 719 1644 lum
746 1608 849 1644 etiam
877 1609 911 1644 in
937 1608 1051 1643 fructu
1078 1613 1216 1643 maturo
1239 1608 1348 1649 adest,
1375 1607 1441 1643 sed
1466 1608 1498 1643 in
1527 1608 1686 1656 plurimis
1718 1608 1908 1656 speciebus
1950 1612 2030 1643 aute
2068 1608 2246 1644 maturita-

648 1672 718 1703 tem
745 1667 878 1703 fructus
906 1667 1031 1715 cadit);
1059 1679 1208 1716 germen
1236 1680 1404 1715 superum
1434 1679 1454 1702 e
1480 1666 1622 1702 duobus
1665 1666 1824 1702 consistit
1865 1666 2123 1715 carpophyllis,
2155 1679 2246 1716 quae

649 1726 772 1774 petalis
800 1725 1040 1761 exterioribus
1068 1726 1232 1773 opposita
1259 1732 1293 1761 et
1320 1726 1354 1761 in
1378 1725 1509 1775 angulo
1538 1725 1668 1761 obtuso
1694 1725 1857 1761 valvatim
1884 1730 1965 1761 sunt
2006 1730 2172 1767 connata,
2211 1725 2246 1762 in

650 1797 722 1834 quo
749 1785 910 1833 placenta
937 1785 1036 1820 inest.
1086 1785 1126 1820 In
1155 1797 1375 1833 unoquoque
1402 1784 1564 1834 germine
1591 1784 1772 1834 gemmula
1799 1788 1931 1820 tantum
1958 1797 2026 1819 uua
2059 1784 2245 1820 invenitur.

798 1878 980 1917 Quomodo
1012 1885 1122 1927 partes
1152 1879 1250 1925 hujus
1279 1880 1423 1914 corollae
1449 1879 1490 1913 ad
1517 1884 1631 1927 typum
1660 1877 1823 1926 quendam
1854 1877 2037 1925 regularem
2064 1877 2248 1925 explicandi

649 1940 725 1972 varii
754 1940 850 1973 variis
881 1938 987 1972 modis
1014 1944 1156 1973 statuere
1182 1939 1289 1972 conati
1331 1944 1420 1979 sunt,
1464 1937 1553 1985 quod
1594 1950 1706 1972 verum
1749 1938 1798 1977 sit,
1835 1950 1900 1971 non
1940 1937 1999 1971 nisi
2043 1935 2248 1983 diligentiore

649 1998 911 2045 perscrutatione
951 1999 1088 2045 partium
1126 1997 1213 2031 [loris
1253 1998 1282 2030 in
1324 1997 1430 2043 primo
1472 2002 1556 2030 statu
1597 1995 1767 2042 dijudicari
1804 2001 1926 2043 potest.
1994 1993 2152 2029 Nonnulli
2192 2008 2248 2029 au-

650 2063 759 2092 ctores
805 2070 876 2091 eam
922 2057 1114 2091 sententiam
1161 2056 1301 2103 amplexi
1340 2061 1430 2095 sunt,
1473 2056 1523 2089 cni
1570 2061 1709 2102 propter
1751 2054 1990 2101 simplicitatem
2036 2067 2115 2101 prae
2158 2060 2247 2089 cete-

650 2117 692 2151 ris
722 2117 891 2156 assentior,
919 2115 1075 2149 corollam
1100 2128 1140 2150 ex
1168 2115 1297 2149 alternis
1324 2113 1488 2148 verticillis
1504 2113 1643 2147 duorum
1669 2113 1855 2162 phyllorum
1873 2114 2069 2147 consistere:
2101 2114 2202 2160 1:1110)
2229 2126 2247 2147 e

651 2175 782 2210 duobus
811 2175 941 2222 sepalis‚
968 2173 1064 2221 22do)
1090 2187 1108 2208 e
1136 2173 1267 2208 duobus
1294 2173 1408 2220 petalis
1438 2173 1667 2213 exterioribus,
1696 2173 1815 2219 quibus
1843 2172 1980 2219 singulis
2009 2172 2136 2219 singula
2182 2178 2246 2206 sta-

651 2236 734 2268 mina
763 2241 837 2268 sunt
863 2234 1016 2281 opposita
1046 2238 1078 2267 et
1105 2233 1200 2277 32ti0)
1226 2245 1244 2267 e
1272 2231 1404 2266 duobus
1428 2231 1547 2279 petalis
1574 2231 1792 2273 interioribus,
1820 2231 1939 2278 quibus
1959 2230 2094 2277 singulis
2122 2230 2246 2277 singula

652 2295 786 2327 stamina
815 2299 888 2327 sunt
921 2293 1086 2340 opposita,
1115 2303 1256 2339 quorum
1284 2290 1546 2338 unumquodque
1572 2290 1603 2324 iu
1636 2289 1717 2324 duas
1743 2295 1855 2337 partes
1888 2289 2026 2324 divisum
2069 2295 2128 2331 est,
2163 2301 2246 2337 quae

652 2358 763 2399 partes
788 2351 934 2398 singulae
962 2364 1035 2385 cum
1062 2350 1198 2398 singulis
1224 2350 1363 2384 (luorum
1390 2350 1577 2389 staminum,
1607 2361 1691 2396 quae
1719 2348 1937 2383 exterioribus
1979 2348 2098 2395 petalis
2136 2361 2245 2395 oppo-

654 2411 711 2444 sita
738 2415 821 2450 sunt,
849 2410 1048 2444 coaluerunt.
1103 2408 1198 2444 Haec
1227 2409 1401 2456 explicatio
1429 2408 1573 2442 corollae
1602 2420 1675 2442 cum
1706 2407 1900 2442 formatione
1928 2406 2071 2441 corollae
2098 2406 2248 2454 Hypecoi

653 2469 813 2515 congruit,
840 2467 929 2514 quod
956 2480 1062 2514 genus
1091 2467 1165 2502 huic
1195 2468 1263 2502 sine
1290 2466 1391 2501 dubio
1420 2467 1605 2513 proximum
1633 2472 1693 2500 est.

802 2557 854 2592 Ex
879 2559 1011 2605 reliquis
1034 2559 1117 2593 inter
1143 2572 1179 2593 se
1207 2558 1345 2593 diversis
1373 2558 1647 2606 explicationibus
1681 2559 1758 2592 satis
1793 2558 1852 2592 erit
1878 2558 2023 2592 attulisse
2051 2570 2124 2599 eas,
2167 2570 2247 2604 quas

653 2616 813 2652 dederunt
839 2616 1075 2651 BERNuAnm
1103 2624 1135 2652 et
1161 2616 1332 2652 KRAUSE.
