2435 3188
1687 260 1767 302 131

450 367 508 415 Sp.
537 366 568 403 7.
621 364 802 401 LITERA
829 363 864 399 V
889 362 1129 400 NOTATUS.
1161 375 1193 412 p.
1224 363 1304 399 123.
1331 363 1381 399 Pl.
1410 363 1443 400 5.
1469 364 1537 400 tab.
1570 364 1624 401 17.

374 460 518 496 Femina
545 457 632 494 haec
658 462 711 493 est
735 456 865 506 prioris
902 457 970 508 (V
992 456 1190 507 insigniti),
1219 456 1318 505 quod
1345 469 1453 493 nemo
1482 461 1587 493 antea
1610 457 1822 495 observavit.

230 522 265 558 A
291 520 554 556 SUNDEVALuo
584 517 662 553 Atti
681 515 878 565 pubescenti
907 515 1134 565 subjungitur
1161 515 1256 563 (Act.
1283 515 1404 551 Holm.
1436 516 1540 552 1832.
1570 529 1603 564 p.
1632 517 1737 567 206),
1766 520 1825 568 qui

228 579 322 615 idem
346 589 426 613 esse
448 576 598 617 videtur,
625 579 731 624 atque
752 575 1119 625 Euoplerysfloricola
1145 573 1302 616 Koch.;
1329 574 1504 612 Kocmus
1530 587 1609 611 eam
1631 576 1722 612 male
1744 590 1825 613 cum

230 639 272 674 Α.
298 642 419 672 striato
446 638 513 683 (sp.
544 635 584 683 4)
611 634 812 683 conjungit,
842 639 1028 683 utramque
1068 635 1228 684 Euopler.
1257 640 1404 670 striatae
1429 633 1626 681 subjiciens
1666 636 1752 682 (Die
1776 638 1828 672 A-

228 694 345 732 rachn.
370 694 468 730 XIV.
496 706 529 742 p.
563 695 622 739 1.)‚
650 705 741 741 quae
769 692 930 728 nondum
956 693 991 729 in
1017 692 1148 729 Suecia
1173 697 1317 742 reperta
1346 698 1408 729 est.
1436 692 1708 730 WESTR1NG1US
1736 695 1827 737 (Aet.

231 752 385 790 Gothob.
431 753 533 788 1851.
562 763 594 800 p.
624 752 688 800 56)
727 751 870 799 subjicit
911 753 975 788 Ar.
1002 753 1036 788 V
1062 761 1215 788 notatum
1258 753 1342 788 Atto
1377 751 1577 801 pubescenti
1614 752 1767 803 (Fabr.)
1795 759 1830 790 et

230 810 415 861 (Koch),
450 822 556 859 quem
586 809 622 845 in
649 810 821 859 Uplandia
843 810 960 847 adhuc
987 823 1060 847 non
1087 811 1169 847 vidi.
1222 810 1350 860 Neque
1376 811 1411 847 in
1440 810 1509 846 ulla
1536 810 1732 847 formarum
1757 812 1829 848 illa-

231 883 308 908 rum
336 882 460 906 omnes
487 881 552 905 eae
577 873 684 904 notae
711 869 781 905 unc}
807 869 1043 912 inveniuntur,
1069 883 1157 919 quas
1184 869 1237 906 his
1262 869 1382 906 verbis
1405 874 1666 906 commemorat
1692 872 1832 909 CLERC-

230 941 336 967 KIUs:
363 931 511 965 «Pectus
539 951 583 957 —
613 949 658 956 —
687 950 732 955 —-
748 930 993 976 fumigatam,
1027 931 1143 965 leviter
1168 929 1381 977 sub-rzficm.
1433 931 1531 965 Inter
1557 930 1667 965 oculos
1687 936 1833 979 pictura

231 995 415 1031 semicana,
440 994 551 1023 minus
575 989 763 1037 adspicua,
790 989 909 1024 literae
935 989 1112 1024 Romanae
1136 989 1171 1024 V
1204 990 1334 1024 similis.
1387 989 1496 1024 Alvus
1522 1011 1566 1016 -—
1597 1010 1642 1016 —
1671 1011 1716 1016 —
1735 991 1834 1037 fuli-

228 1053 345 1095 ginea,
372 1048 486 1083 leviter
511 1046 701 1088 subrubra,
738 1053 903 1089 sericam,
943 1049 1052 1083 decem
1072 1049 1254 1097 pmzctub's
1282 1047 1384 1089 albis,
1413 1049 1543 1097 duplici
1569 1054 1670 1090 serien·
1705 1055 1834 1098 primis

231 1112 405 1147 maximis,
431 1112 617 1155 postremis
646 1112 831 1142 minimis.»
885 1108 988 1151 Quae
1022 1119 1110 1142 vero
1143 1107 1263 1142 omnia
1290 1107 1325 1142 in
1353 1115 1372 1148 Ξ
1404 1108 1445 1143 Α,
1476 1113 1675 1153 v—insignitz‘
1701 1108 1834 1156 optime

236 1164 372 1201 cadunt.
401 1164 498 1214 (vide
524 1177 615 1214 quae
643 1164 689 1201 de
716 1166 795 1213 ejus
821 1165 963 1208 colore,
992 1169 1057 1201 cet.
1085 1178 1193 1214 supra
1220 1165 1321 1215 dixi).

459 1344 518 1394 Sp.
547 1346 578 1381 8.
630 1344 942 1381 FLAMMATUS.
969 1358 1002 1394 p.
1033 1346 1111 1382 124.
1138 1345 1187 1382 Pl.
1217 1347 1248 1382 5.
1275 1346 1333 1382 tab
1375 1348 1428 1383 18.

382 1438 544 1475 Varietas
572 1439 707 1488 speciei
732 1438 953 1488 insequentis
979 1440 1173 1491 (falcati),
1205 1445 1242 1476 ut
1267 1440 1433 1477 viderunt
1457 1440 1533 1476 fere
1557 1452 1693 1476 omnes.

466 1604 524 1653 Sp.
553 1605 585 1640 9.
637 1603 903 1640 FALCATUS.
931 1617 963 1652 p.
995 1604 1074 1639 125.
1097 1603 1147 1639 Pl.
1175 1606 1208 1639 5.
1239 1603 1307 1640 tab.
1339 1604 1394 1640 19.

319 1701 380 1735 Syn.
404 1701 557 1729 Araneus
579 1701 781 1729 flammatus
804 1701 895 1727 cler-cle.
919 1710 943 1737 p.
971 1704 1034 1729 124.
1058 1700 1098 1728 Pl.
1124 1705 1147 1728 5.
1170 1700 1225 1728 tab.
1253 1703 1295 1729 18.

401 1749 552 1778 Salticus
574 1750 741 1778 limbatas
764 1751 846 1777 Halm.
870 1749 946 1777 Mon.
970 1751 1053 1778 Arau.
1076 1750 1138 1778 fasc.
1163 1754 1188 1777 4.
1211 1749 1247 1787 pl.
1274 1753 1296 1777 1.
1320 1750 1365 1787 fig.
1387 1751 1413 1777 C.

569 1799 696 1827 abietis
792 1802 824 1826 id.
868 1799 920 1826 Die
943 1799 1059 1827 Arachn.
1082 1800 1104 1827 I.
1127 1809 1151 1837 p.
1177 1803 1221 1827 61.
1244 1800 1288 1836 fig.
1314 1803 1358 1827 46.

571 1848 768 1877 blancardii
795 1851 827 1875 id.
870 1848 935 1876 ibid.
958 1858 983 1885 p.
1008 1852 1052 1876 64.
1076 1849 1120 1885 fig.
1145 1852 1190 1877 48.

404 1898 508 1925 Attus
530 1897 679 1926 falcatus
700 1899 780 1925 Santi.
806 1898 866 1925 Act.
890 1897 983 1925 Holm.
1012 1900 1096 1925 1832.
1118 1908 1143 1935 p.
1170 1901 1234 1926 213.

532 1947 727 1975 corollatus
755 1949 849 1974 Walclc.
872 1947 927 1974 Ins.
951 1948 1015 1985 Apt.
1039 1947 1060 1974 I.
1083 1957 1108 1984 p.
1133 1950 1198 1975 412.

406 1995 583 2033 Euophrys
607 1996 735 2025 falcata
759 1998 834 2024 Koch.
859 1996 909 2023 Die
932 1995 1049 2024 Araehn.
1073 1996 1149 2024 XIV.
1173 2006 1198 2034 p.
1224 2000 1268 2024 24.
1290 1997 1354 2033 figg.
1384 1999 1589 2025 1290—2295.

407 2046 509 2072 Attus
531 2045 681 2073 falcatus
708 2047 799 2073 Westr.
822 2046 883 2073 Act.
907 2045 1027 2073 Gothob.
1054 2048 1137 2073 1851.
1159 2055 1183 2083 p.
1210 2049 1254 2073 50.

743 2119 893 2169 [ATTUS
923 2119 1116 2156 falcatus
1141 2118 1344 2169 (Clerck)]

395 2263 495 2300 Bene
521 2264 662 2313 cognita
680 2264 835 2312 species,
861 2265 919 2301 cui
937 2267 1002 2301 Ar.
1026 2269 1194 2313 rupestris
1219 2263 1339 2298 Linn.
1364 2261 1589 2310 subjicienda
1606 2274 1687 2298 esse
1702 2262 1850 2299 videtur.

472 2431 530 2480 Sp.
562 2433 615 2467 10.
668 2432 928 2469 ARCUATUS
955 2446 988 2482 p.
1019 2432 1098 2468 125.
1129 2431 1177 2467 Pl.
1206 2431 1236 2466 6.
1261 2431 1330 2467 tab.
1361 2432 1390 2466 1.

333 2526 394 2559 Syn.
418 2527 549 2554 Arauea
572 2528 749 2566 grossipes
773 2530 809 2555 De
831 2530 902 2556 Geer.
926 2529 1009 2556 Mem.
1033 2529 1096 2556 VII.
1120 2538 1144 2566 p.
1168 2532 1234 2555 290.
1260 2528 1298 2556 Pl.
1327 2530 1368 2555 17.
1391 2527 1454 2564 figg.
1482 2529 1606 2554 11—14.

414 2574 566 2603 Salticus
653 2588 665 2601 «
769 2579 851 2605 Halm.
878 2579 926 2605 Die
951 2577 1047 2605 Arach.
1071 2578 1092 2605 Ι.
1115 2587 1140 2614 p.
1165 2581 1210 2605 53.
1233 2578 1276 2614 fig.
1305 2581 1347 2604 40.

418 2624 522 2651 Attus
655 2636 667 2649 «
776 2628 869 2653 Il'alclc.
893 2626 948 2653 Ins.
972 2627 1036 2663 Apt.
1060 2627 1080 2653 Ι.
1104 2636 1129 2663 p.
1155 2629 1220 2654 424.
