2435 3188
1609 269 1687 310 321

450 378 632 425 Africa:
1141 374 1344 410 America
1370 373 1579 410 borealis.-

253 437 493 474 Stereocaulon
511 450 629 471 nanum
832 442 850 517 l
1072 432 1315 470 Stereocaulon
1334 432 1533 469 coralloides

359 525 376 537 n
477 495 492 511 ⁴*
506 495 719 530 VflSUViflssUssl
855 492 884 531 β·
1175 521 1193 535 ,,
1327 491 1527 527 denudatum

357 583 374 596 ‚,
505 517 847 600 sphaerophoroidesl
1175 580 1193 593 „
1326 550 1482 598 paschale
1674 538 1701 556 α’

515 611 660 646 Vulcani
1177 639 1195 652 ‚,
1328 616 1551 644 tomentosum

357 699 376 713 „
478 669 492 685 ⁴⁸
508 669 783 705 Richardz'amcm
856 687 873 720 ὃ
1176 697 1194 711 ,,
1328 669 1567 704 condensatum
1726 650 1755 690 β’

356 757 374 770 ,,
508 729 709 765 ramulosum
1177 756 1195 769 „
1330 727 1476 763 albicans

266 796 464 832 America
490 797 810 833 meridionalis.-
1176 815 1194 829 ν»
1327 785 1442 833 Argus

254 854 696 902 Stereocaulonfarcatum
1176 874 1193 888 n
1327 845 1529 880 ramulosum
1653 855 1667 920 ]

357 942 374 955 „
507 914 652 950 albicans
832 860 850 1009 ἓ
867 926 893 954 y.
1177 933 1195 946 ‚,
1327 909 1505 939 vimineum

357 1001 374 1015 >³
506 973 708 1008 ramulosum
1177 991 1195 1004 ‚,
1328 968 1586 1011 myriocarpam

507 1032 694 1080 implexum
850 974 890 1121 ,ὅ
1178 1050 1196 1063 ,,
1328 1022 1493 1070 claviceps

356 1118 374 1131 „
475 1090 489 1104 ⁴*
503 1091 768 1136 magellam'cum
1179 1109 1196 1122 n
1329 1086 1489 1116 Strictum

415 1157 673 1193 Australz'a:
1180 1167 1197 1180 ’²
1330 1138 1461 1175 obesum

253 1215 496 1251 Stereocaulon
512 1216 528 1232 ⁴*
544 1217 751 1252 roccelloides
835 1220 852 1320 }
869 1253 895 1281 γ’

359 1303 376 1316 ,,
507 1276 707 1311 ramulosum

359 1362 376 1375 „
508 1334 623 1383 Argus
853 1283 900 1382 }‹5.

302 1425 448 1461 Plurima
483 1427 702 1462 Stereocaula
730 1439 808 1461 saxa
836 1432 953 1461 amant.
1015 1425 1138 1462 Omnia
1166 1428 1251 1462 enim
1280 1433 1413 1475 praeter
1443 1427 1494 1462 St.
1523 1436 1755 1468 tomentosum,

153 1485 323 1533 alpinum,
358 1491 603 1527 incrustatum,
627 1486 808 1535 paschale,
838 1486 1092 1526 condensatum,
1126 1486 1255 1521 Delz'sei
1268 1485 1354 1536 (9),
1390 1485 1542 1522 albicans
1570 1494 1602 1522 et
1628 1501 1756 1522 nanum

155 1544 222 1579 sere
250 1557 383 1592 semper
410 1558 510 1593 rupes
537 1552 717 1593 petrasque
745 1545 892 1580 incolunt
925 1551 958 1580 et
980 1547 1019 1580 iis
1047 1546 1228 1580 arctissime
1257 1552 1331 1581 sunt
1355 1545 1458 1581 affixa.
1512 1545 1681 1581 Interdum
1709 1553 1756 1581 ta-

157 1617 228 1638 men
256 1605 350 1638 etiam
378 1605 528 1651 species,
554 1618 639 1652 quae
667 1605 880 1650 sasifragae
907 1606 977 1651 jure
1003 1611 1144 1651 possunt
1176 1606 1349 1645 nominari,
1384 1606 1415 1639 in
1455 1606 1544 1652 ligno
1572 1606 1756 1641 habitantes

155 1664 359 1697 inveniuntur
388 1677 415 1697 v.
444 1677 471 1698 c.
500 1663 551 1698 St.
580 1664 787 1698 ramulosmn
813 1669 845 1698 et
868 1664 1072 1698 corallotdes.
1126 1662 1270 1711 Species
1294 1670 1412 1706 antem,
1441 1678 1523 1712 quas
1550 1678 1650 1712 supra
1676 1678 1756 1700 enn-

157 1723 367 1764 meravimus,
406 1724 436 1757 in
471 1728 555 1758 terra
597 1723 778 1770 praecipue
818 1728 975 1771 vegetant
1014 1723 1072 1769 (ad
1099 1729 1234 1757 truncos
1260 1735 1437 1771 ramosque
1466 1724 1621 1759 arborum
1649 1729 1756 1758 tamen

159 1782 252 1815 etiam
281 1784 474 1829 occurrunt)
502 1795 564 1817 nee
591 1795 656 1816 non
685 1795 786 1830 supra
813 1795 890 1817 saxa
917 1781 1002 1816 haud
1031 1795 1105 1816 raro
1131 1782 1360 1824 observantur,
1385 1782 1445 1817 sed
1469 1789 1536 1817 tum
1561 1783 1692 1817 minime
1719 1783 1756 1817 iis

158 1840 283 1881 adnata,
309 1839 370 1875 sed
398 1840 498 1874 modo
526 1841 641 1876 leviter
668 1841 888 1876 adhaerentia.
945 1841 995 1875 St.
1023 1841 1189 1889 alpinum,
1217 1846 1449 1876 incrustatum
1470 1847 1503 1876 et
1518 1842 1755 1877 condensatum

159 1900 188 1933 in
217 1913 257 1934 eo
287 1906 393 1934 tamen
423 1913 439 1933 a
466 1900 600 1947 reliquis
624 1900 790 1942 differunt,
819 1900 910 1948 quod
934 1898 1113 1948 particulas
1145 1913 1263 1936 arenae
1289 1900 1412 1935 fibrillis
1441 1900 1674 1948 hypothallinis
1715 1900 1756 1934 ad

160 1958 251 1992 basin
278 1958 486 2006 podetiorum
516 1960 775 2007 conglomerant,
804 1973 903 2007 quum
932 1960 1057 2007 reliqua
1083 1959 1150 1994 l'ere
1179 1961 1311 1994 omnino
1342 1965 1416 1994 sunt
1439 1959 1550 1994 libera.

307 2050 458 2099 Diligunt
486 2059 655 2100 praeterea
688 2053 748 2088 hae
776 2053 905 2100 plantae
931 2065 1007 2087 saxa
1036 2052 1202 2099 plutonica
1229 2051 1282 2086 vel
1315 2050 1483 2085 vulcanica
1510 2053 1560 2095 (ut
1586 2051 1757 2098 granitum,

160 2110 343 2157 gneissum,
370 2112 546 2153 basaltum,
573 2114 738 2160 pumicem
766 2126 793 2146 e.
822 2126 846 2147 s.
875 2114 939 2159 p.)‚
968 2111 1027 2146 sed
1053 2124 1069 2145 a
1096 2110 1203 2151 calce,
1233 2111 1319 2145 saxis
1337 2110 1491 2144 arenariis
1510 2109 1645 2157 aliisque
1674 2123 1756 2156 nep-

162 2170 274 2204 tunieis
306 2170 372 2204 l'ere
399 2185 531 2219 semper
558 2171 716 2206 exsulant.
768 2170 912 2219 Species
941 2171 1056 2211 etiam,
1093 2182 1177 2217 quae
1212 2170 1298 2204 saxis
1336 2182 1400 2202 non
1435 2168 1549 2202 affixae
1575 2175 1664 2209 sunt,
1696 2168 1755 2203 sed

163 2228 193 2261 in
221 2229 290 2275 ipsa
316 2235 400 2264 terra
425 2230 475 2264 vel
504 2231 625 2265 muscis
652 2231 855 2265 intermixtae
881 2231 1007 2277 vigent,
1044 2228 1178 2263 fundum
1217 2228 1341 2275 eligunt
1376 2228 1562 2262 vetustioris
1590 2226 1755 2261 formatio-

164 2287 226 2325 nis3
260 2287 314 2320 ubi
351 2301 428 2322 vero
457 2288 528 2322 calx
556 2295 607 2323 est
633 2290 797 2323 substrata
830 2289 847 2323 l.
873 2295 979 2323 terrae
1008 2288 1165 2327 immixta,
1195 2293 1249 2320 aut
1289 2287 1420 2320 omnino
1451 2285 1678 2320 desiderantur
1703 2293 1757 2320 aut

165 2345 194 2378 in
221 2346 356 2379 minutas
383 2346 645 2395 depravatasque
673 2348 793 2382 formas
826 2353 997 2381 mutantur.
1067 2345 1231 2393 Exempla
1265 2345 1361 2391 hujus
1394 2346 1440 2379 rei
1475 2345 1552 2378 satis
1580 2347 1756 2393 perspicua

169 2403 326 2449 praebent
364 2405 486 2439 insulae
522 2406 689 2441 calcareae
733 2408 828 2441 maris
863 2407 971 2441 baltici
1009 2404 1170 2440 Oelandia
1207 2410 1238 2439 et
1278 2403 1474 2443 Gotlandiae
1510 2405 1539 2437 in
1580 2404 1631 2438 illu
1672 2405 1756 2438 enim

171 2474 267 2507 parce
291 2462 406 2507 legitur
433 2464 536 2498 solum
563 2464 614 2499 St.
638 2465 801 2512 paschale
829 2466 947 2505 sterile,
975 2478 1075 2513 quum
1100 2465 1130 2499 in
1158 2465 1283 2498 vicinae
1311 2462 1525 2498 Sniolandiae
1552 2462 1624 2497 solo
1649 2464 1758 2510 grani-

170 2519 233 2552 tieo
262 2520 377 2553 multae
408 2523 537 2569 species
561 2523 744 2564 abundent,
784 2526 813 2559 in
842 2524 903 2559 bae
931 2530 1039 2558 autem
1066 2530 1198 2571 praeter
1226 2523 1276 2557 St.
1305 2528 1533 2557 incrustatum
1561 2522 1605 2556 ibi
1633 2523 1758 2556 rarissi-

172 2590 274 2616 mum,
310 2578 398 2624 quod
434 2581 538 2614 solum
563 2595 580 2615 a
608 2584 850 2628 congeneribus
885 2582 1007 2623 differt,
1046 2582 1137 2630 quod
1185 2582 1273 2617 „loca
1301 2582 1495 2617 formatione
1524 2581 1651 2628 juniore
1678 2581 1757 2615 sub-

1563 2639 1606 2673 41
