<?xml version="1.0" encoding="UTF-8"?>
<!DOCTYPE html PUBLIC "-//W3C//DTD XHTML 1.0 Transitional//EN"
    "http://www.w3.org/TR/xhtml1/DTD/xhtml1-transitional.dtd">
<html xmlns="http://www.w3.org/1999/xhtml" xml:lang="en" lang="en">
 <head>
  <title>
</title>
<meta http-equiv="Content-Type" content="text/html;charset=utf-8" />
  <meta name='ocr-system' content='tesseract 3.04.00' />
  <meta name='ocr-capabilities' content='ocr_page ocr_carea ocr_par ocr_line ocrx_word'/>
</head>
<body>
  <div class='ocr_page' id='page_1' title='image "./novaactaregiaeso325658kung_0014.png"; bbox 0 0 2435 3188; ppageno 0'>
   <div class='ocr_carea' id='block_1_1' title="bbox 609 267 636 307">
    <p class='ocr_par' dir='ltr' id='par_1_1' title="bbox 609 267 636 307">
     <span class='ocr_line' id='line_1_1' title="bbox 609 267 636 307; baseline 0 0"><span class='ocrx_word' id='word_1_1' title='bbox 609 267 636 307; x_wconf 84' lang='lat'>2</span> 
     </span>
    </p>
   </div>
   <div class='ocr_carea' id='block_1_2' title="bbox 551 360 2177 718">
    <p class='ocr_par' dir='ltr' id='par_1_2' title="bbox 551 360 2177 718">
     <span class='ocr_line' id='line_1_2' title="bbox 551 360 2174 422; baseline -0.01 -11"><span class='ocrx_word' id='word_1_2' title='bbox 551 377 617 413; x_wconf 88' lang='lat' dir='ltr'>hac</span> <span class='ocrx_word' id='word_1_3' title='bbox 660 370 781 422; x_wconf 88' lang='lat' dir='ltr'>operis</span> <span class='ocrx_word' id='word_1_4' title='bbox 813 373 914 418; x_wconf 81' lang='lat' dir='ltr'>parte</span> <span class='ocrx_word' id='word_1_5' title='bbox 955 367 999 403; x_wconf 82' lang='lat' dir='ltr'>ab</span> <span class='ocrx_word' id='word_1_6' title='bbox 1032 367 1334 405; x_wconf 73' lang='lat' dir='ltr'>HrLDEBRANno,</span> <span class='ocrx_word' id='word_1_7' title='bbox 1363 364 1465 413; x_wconf 81' lang='lat' dir='ltr'>regni</span> <span class='ocrx_word' id='word_1_8' title='bbox 1492 362 1692 411; x_wconf 88' lang='lat' dir='ltr'>antiquario</span> <span class='ocrx_word' id='word_1_9' title='bbox 1719 361 1933 402; x_wconf 88' lang='lat' dir='ltr'>clarissimo,</span> <span class='ocrx_word' id='word_1_10' title='bbox 1960 360 2174 396; x_wconf 84' lang='lat' dir='ltr'>amicissime</span> 
     </span>
     <span class='ocr_line' id='line_1_3' title="bbox 552 419 2176 482; baseline -0.011 -12"><span class='ocrx_word' id='word_1_11' title='bbox 552 435 705 482; x_wconf 80' lang='lat' dir='ltr'>adjutus.</span> <span class='ocrx_word' id='word_1_12' title='bbox 760 431 800 465; x_wconf 89' lang='lat' dir='ltr'>In</span> <span class='ocrx_word' id='word_1_13' title='bbox 830 427 960 464; x_wconf 87' lang='lat' dir='ltr'>ceteris</span> <span class='ocrx_word' id='word_1_14' title='bbox 988 425 1180 475; x_wconf 88' lang='lat' dir='ltr'>provinciis</span> <span class='ocrx_word' id='word_1_15' title='bbox 1207 425 1412 460; x_wconf 88' lang='lat' dir='ltr'>etiamnunc</span> <span class='ocrx_word' id='word_1_16' title='bbox 1438 421 1573 457; x_wconf 88' lang='lat' dir='ltr'>eminet</span> <span class='ocrx_word' id='word_1_17' title='bbox 1596 420 1790 455; x_wconf 80' lang='lat' dir='ltr'>Gotlandia</span> <span class='ocrx_word' id='word_1_18' title='bbox 1814 419 1943 461; x_wconf 80' lang='lat' dir='ltr'>insula,</span> <span class='ocrx_word' id='word_1_19' title='bbox 1972 419 2047 455; x_wconf 87' lang='lat' dir='ltr'>sive</span> <span class='ocrx_word' id='word_1_20' title='bbox 2079 419 2176 467; x_wconf 87' lang='lat' dir='ltr'>quod</span> 
     </span>
     <span class='ocr_line' id='line_1_4' title="bbox 552 477 2176 536; baseline -0.011 -7"><span class='ocrx_word' id='word_1_21' title='bbox 552 492 651 530; x_wconf 89' lang='lat' dir='ltr'>numi</span> <span class='ocrx_word' id='word_1_22' title='bbox 675 489 726 526; x_wconf 84' lang='lat' dir='ltr'>ibi</span> <span class='ocrx_word' id='word_1_23' title='bbox 745 485 1011 536; x_wconf 86' lang='lat' dir='ltr'>frequentiores</span> <span class='ocrx_word' id='word_1_24' title='bbox 1034 484 1119 523; x_wconf 89' lang='lat' dir='ltr'>sint,</span> <span class='ocrx_word' id='word_1_25' title='bbox 1149 483 1224 518; x_wconf 92' lang='lat' dir='ltr'>sive</span> <span class='ocrx_word' id='word_1_26' title='bbox 1252 481 1386 517; x_wconf 90' lang='lat' dir='ltr'>inventi</span> <span class='ocrx_word' id='word_1_27' title='bbox 1413 492 1500 515; x_wconf 89' lang='lat' dir='ltr'>cura</span> <span class='ocrx_word' id='word_1_28' title='bbox 1524 478 1751 527; x_wconf 81' lang='lat' dir='ltr'>diligentiore</span> <span class='ocrx_word' id='word_1_29' title='bbox 1780 478 1816 513; x_wconf 92' lang='lat' dir='ltr'>in</span> <span class='ocrx_word' id='word_1_30' title='bbox 1844 490 2009 513; x_wconf 88' lang='lat' dir='ltr'>museum</span> <span class='ocrx_word' id='word_1_31' title='bbox 2038 477 2176 525; x_wconf 71' lang='lat' dir='ltr'>regium</span> 
     </span>
     <span class='ocr_line' id='line_1_5' title="bbox 551 535 2177 588; baseline -0.012 0"><span class='ocrx_word' id='word_1_32' title='bbox 551 551 736 588; x_wconf 83' lang='lat' dir='ltr'>vehantur.</span> <span class='ocrx_word' id='word_1_33' title='bbox 780 546 886 580; x_wconf 88' lang='lat' dir='ltr'>Certe</span> <span class='ocrx_word' id='word_1_34' title='bbox 919 546 1074 583; x_wconf 86' lang='lat' dir='ltr'>constat,</span> <span class='ocrx_word' id='word_1_35' title='bbox 1104 542 1293 575; x_wconf 83' lang='lat' dir='ltr'>thesauros</span> <span class='ocrx_word' id='word_1_36' title='bbox 1319 539 1405 575; x_wconf 87' lang='lat' dir='ltr'>alias</span> <span class='ocrx_word' id='word_1_37' title='bbox 1433 541 1598 586; x_wconf 83' lang='lat' dir='ltr'>repertos</span> <span class='ocrx_word' id='word_1_38' title='bbox 1622 536 1766 584; x_wconf 86' lang='lat' dir='ltr'>saepius</span> <span class='ocrx_word' id='word_1_39' title='bbox 1794 535 1954 576; x_wconf 77' lang='lat' dir='ltr'>distrahi,</span> <span class='ocrx_word' id='word_1_40' title='bbox 1980 540 2015 571; x_wconf 92' lang='lat' dir='ltr'>et</span> <span class='ocrx_word' id='word_1_41' title='bbox 2042 535 2177 583; x_wconf 88' lang='lat' dir='ltr'>disper-</span> 
     </span>
     <span class='ocr_line' id='line_1_6' title="bbox 552 594 2177 655; baseline -0.012 -9"><span class='ocrx_word' id='word_1_42' title='bbox 552 623 614 647; x_wconf 93' lang='lat' dir='ltr'>sos</span> <span class='ocrx_word' id='word_1_43' title='bbox 641 609 676 644; x_wconf 93' lang='lat' dir='ltr'>in</span> <span class='ocrx_word' id='word_1_44' title='bbox 704 605 925 655; x_wconf 87' lang='lat' dir='ltr'>privatorum</span> <span class='ocrx_word' id='word_1_45' title='bbox 953 611 1080 635; x_wconf 88' lang='lat' dir='ltr'>manus</span> <span class='ocrx_word' id='word_1_46' title='bbox 1104 598 1246 639; x_wconf 85' lang='lat' dir='ltr'>venire,</span> <span class='ocrx_word' id='word_1_47' title='bbox 1276 610 1358 632; x_wconf 75' lang='lat' dir='ltr'>cuni</span> <span class='ocrx_word' id='word_1_48' title='bbox 1382 596 1493 632; x_wconf 90' lang='lat' dir='ltr'>multo</span> <span class='ocrx_word' id='word_1_49' title='bbox 1519 595 1691 631; x_wconf 80' lang='lat' dir='ltr'>scientiae</span> <span class='ocrx_word' id='word_1_50' title='bbox 1723 595 1871 636; x_wconf 84' lang='lat' dir='ltr'>damno,</span> <span class='ocrx_word' id='word_1_51' title='bbox 1889 607 1999 643; x_wconf 88' lang='lat' dir='ltr'>quum</span> <span class='ocrx_word' id='word_1_52' title='bbox 2014 594 2060 629; x_wconf 88' lang='lat' dir='ltr'>ita</span> <span class='ocrx_word' id='word_1_53' title='bbox 2078 606 2177 628; x_wconf 81' lang='lat' dir='ltr'>coni-</span> 
     </span>
     <span class='ocr_line' id='line_1_7' title="bbox 552 651 2177 718; baseline -0.011 -14"><span class='ocrx_word' id='word_1_54' title='bbox 552 667 664 718; x_wconf 87' lang='lat' dir='ltr'>parati</span> <span class='ocrx_word' id='word_1_55' title='bbox 699 663 798 700; x_wconf 87' lang='lat' dir='ltr'>numi</span> <span class='ocrx_word' id='word_1_56' title='bbox 841 661 982 708; x_wconf 86' lang='lat' dir='ltr'>aliaque</span> <span class='ocrx_word' id='word_1_57' title='bbox 1022 657 1238 705; x_wconf 83' lang='lat' dir='ltr'>antiquitatis</span> <span class='ocrx_word' id='word_1_58' title='bbox 1275 659 1510 692; x_wconf 88' lang='lat' dir='ltr'>monumenta</span> <span class='ocrx_word' id='word_1_59' title='bbox 1538 654 1567 689; x_wconf 94' lang='lat' dir='ltr'>si</span> <span class='ocrx_word' id='word_1_60' title='bbox 1596 666 1762 702; x_wconf 82' lang='lat' dir='ltr'>usquam,</span> <span class='ocrx_word' id='word_1_61' title='bbox 1796 657 1896 688; x_wconf 85' lang='lat' dir='ltr'>certo</span> <span class='ocrx_word' id='word_1_62' title='bbox 1923 664 2007 687; x_wconf 91' lang='lat' dir='ltr'>sero</span> <span class='ocrx_word' id='word_1_63' title='bbox 2034 651 2177 699; x_wconf 88' lang='lat' dir='ltr'>publica</span> 
     </span>
    </p>
   </div>
   <div class='ocr_carea' id='block_1_3' title="bbox 551 725 851 763">
    <p class='ocr_par' dir='ltr' id='par_1_3' title="bbox 551 725 851 763">
     <span class='ocr_line' id='line_1_8' title="bbox 551 725 851 763; baseline -0.03 0"><span class='ocrx_word' id='word_1_64' title='bbox 551 728 632 763; x_wconf 89' lang='lat' dir='ltr'>luce</span> <span class='ocrx_word' id='word_1_65' title='bbox 663 725 851 760; x_wconf 89' lang='lat' dir='ltr'>donentur.</span> 
     </span>
    </p>
   </div>
   <div class='ocr_carea' id='block_1_4' title="bbox 553 803 2178 975">
    <p class='ocr_par' dir='ltr' id='par_1_4' title="bbox 553 803 2178 975">
     <span class='ocr_line' id='line_1_9' title="bbox 705 803 2177 853; baseline -0.011 0"><span class='ocrx_word' id='word_1_66' title='bbox 705 818 858 853; x_wconf 73' lang='lat' dir='ltr'>SCANJA.</span> <span class='ocrx_word' id='word_1_67' title='bbox 916 816 946 847; x_wconf 94' lang='lat'>1.</span> <span class='ocrx_word' id='word_1_68' title='bbox 1000 810 1177 846; x_wconf 87' lang='lat' dir='ltr'>Paroecia</span> <span class='ocrx_word' id='word_1_69' title='bbox 1216 811 1294 845; x_wconf 65' lang='lat' dir='ltr'>Fra</span> <span class='ocrx_word' id='word_1_70' title='bbox 1335 810 1490 845; x_wconf 75' lang='lat' dir='ltr'>Ahlslacl</span> <span class='ocrx_word' id='word_1_71' title='bbox 1525 806 1693 843; x_wconf 87' lang='lat' dir='ltr'>territorii</span> <span class='ocrx_word' id='word_1_72' title='bbox 1735 806 1878 851; x_wconf 47' lang='lat' dir='ltr'>*S&#39;kjuttm</span> <span class='ocrx_word' id='word_1_73' title='bbox 1933 805 2042 839; x_wconf 91' lang='lat' dir='ltr'>Anno</span> <span class='ocrx_word' id='word_1_74' title='bbox 2084 803 2177 838; x_wconf 73' lang='lat'>1853</span> 
     </span>
     <span class='ocr_line' id='line_1_10' title="bbox 553 862 2178 917; baseline -0.012 -2"><span class='ocrx_word' id='word_1_75' title='bbox 553 881 683 917; x_wconf 78' lang='lat' dir='ltr'>dirhem</span> <span class='ocrx_word' id='word_1_76' title='bbox 711 872 943 912; x_wconf 90' lang='lat' dir='ltr'>abbasidicus</span> <span class='ocrx_word' id='word_1_77' title='bbox 969 869 1036 915; x_wconf 80' lang='lat' dir='ltr'>(Cl.</span> <span class='ocrx_word' id='word_1_78' title='bbox 1065 870 1113 910; x_wconf 90' lang='lat'>11,</span> <span class='ocrx_word' id='word_1_79' title='bbox 1144 869 1245 916; x_wconf 66' lang='lat'>300³)</span> <span class='ocrx_word' id='word_1_80' title='bbox 1271 869 1326 903; x_wconf 88' lang='lat' dir='ltr'>hic</span> <span class='ocrx_word' id='word_1_81' title='bbox 1352 868 1481 909; x_wconf 85' lang='lat' dir='ltr'>lectus,</span> <span class='ocrx_word' id='word_1_82' title='bbox 1508 867 1544 902; x_wconf 91' lang='lat' dir='ltr'>in</span> <span class='ocrx_word' id='word_1_83' title='bbox 1574 864 1790 901; x_wconf 84' lang='lat' dir='ltr'>collectione</span> <span class='ocrx_word' id='word_1_84' title='bbox 1819 863 1859 898; x_wconf 90' lang='lat' dir='ltr'>cl.</span> <span class='ocrx_word' id='word_1_85' title='bbox 1891 862 2067 899; x_wconf 75' lang='lat' dir='ltr'>N1Lssom</span> <span class='ocrx_word' id='word_1_86' title='bbox 2094 873 2178 909; x_wconf 85' lang='lat' dir='ltr'>pro-</span> 
     </span>
     <span class='ocr_line' id='line_1_11' title="bbox 553 930 1157 975; baseline -0.025 1"><span class='ocrx_word' id='word_1_87' title='bbox 553 937 703 975; x_wconf 87' lang='lat' dir='ltr'>fessoris</span> <span class='ocrx_word' id='word_1_88' title='bbox 729 930 915 974; x_wconf 86' lang='lat' dir='ltr'>lundensis</span> <span class='ocrx_word' id='word_1_89' title='bbox 943 932 1157 964; x_wconf 85' lang='lat' dir='ltr'>asservatur.</span> 
     </span>
    </p>
   </div>
   <div class='ocr_carea' id='block_1_5' title="bbox 552 1018 2178 1197">
    <p class='ocr_par' dir='ltr' id='par_1_5' title="bbox 552 1018 2178 1197">
     <span class='ocr_line' id='line_1_12' title="bbox 703 1018 2178 1065; baseline -0.009 0"><span class='ocrx_word' id='word_1_90' title='bbox 703 1031 736 1065; x_wconf 73' lang='lat'>2.</span> <span class='ocrx_word' id='word_1_91' title='bbox 789 1025 965 1063; x_wconf 87' lang='lat' dir='ltr'>Paroecia</span> <span class='ocrx_word' id='word_1_92' title='bbox 993 1025 1113 1060; x_wconf 73' lang='lat' dir='ltr'>Stiivie</span> <span class='ocrx_word' id='word_1_93' title='bbox 1139 1021 1303 1058; x_wconf 84' lang='lat' dir='ltr'>territorii</span> <span class='ocrx_word' id='word_1_94' title='bbox 1339 1022 1466 1056; x_wconf 73' lang='lat' dir='ltr'>Torua.</span> <span class='ocrx_word' id='word_1_95' title='bbox 1523 1021 1641 1057; x_wconf 84' lang='lat' dir='ltr'>Variis</span> <span class='ocrx_word' id='word_1_96' title='bbox 1669 1021 1759 1057; x_wconf 83' lang='lat' dir='ltr'>locis</span> <span class='ocrx_word' id='word_1_97' title='bbox 1787 1022 1888 1056; x_wconf 87' lang='lat' dir='ltr'>annis</span> <span class='ocrx_word' id='word_1_98' title='bbox 1917 1020 2012 1056; x_wconf 85' lang='grc'>1853</span> <span class='ocrx_word' id='word_1_99' title='bbox 2029 1024 2063 1055; x_wconf 87' lang='lat' dir='ltr'>et</span> <span class='ocrx_word' id='word_1_100' title='bbox 2084 1018 2178 1053; x_wconf 80' lang='lat'>1854</span> 
     </span>
     <span class='ocr_line' id='line_1_13' title="bbox 552 1075 2178 1139; baseline -0.01 -13"><span class='ocrx_word' id='word_1_101' title='bbox 552 1091 673 1139; x_wconf 89' lang='lat' dir='ltr'>plures</span> <span class='ocrx_word' id='word_1_102' title='bbox 700 1086 798 1123; x_wconf 89' lang='lat' dir='ltr'>numi</span> <span class='ocrx_word' id='word_1_103' title='bbox 827 1086 931 1133; x_wconf 67' lang='lat' dir='ltr'>cufiwss</span> <span class='ocrx_word' id='word_1_104' title='bbox 957 1088 1026 1118; x_wconf 84' lang='lat' dir='ltr'>tam</span> <span class='ocrx_word' id='word_1_105' title='bbox 1056 1081 1139 1116; x_wconf 87' lang='lat' dir='ltr'>abb</span> <span class='ocrx_word' id='word_1_106' title='bbox 1151 1080 1352 1115; x_wconf 88' lang='lat' dir='ltr'>asidicae</span> <span class='ocrx_word' id='word_1_107' title='bbox 1382 1092 1488 1127; x_wconf 84' lang='lat' dir='ltr'>quam</span> <span class='ocrx_word' id='word_1_108' title='bbox 1517 1092 1605 1114; x_wconf 88' lang='lat' dir='ltr'>sam</span> <span class='ocrx_word' id='word_1_109' title='bbox 1617 1080 1824 1115; x_wconf 87' lang='lat' dir='ltr'>anidicae</span> <span class='ocrx_word' id='word_1_110' title='bbox 1866 1079 1988 1115; x_wconf 83' lang='lat' dir='ltr'>classis</span> <span class='ocrx_word' id='word_1_111' title='bbox 2018 1078 2052 1113; x_wconf 89' lang='lat' dir='ltr'>in</span> <span class='ocrx_word' id='word_1_112' title='bbox 2085 1075 2178 1125; x_wconf 77' lang='lat' dir='ltr'>agris</span> 
     </span>
     <span class='ocr_line' id='line_1_14' title="bbox 552 1137 1833 1197; baseline -0.011 -12"><span class='ocrx_word' id='word_1_113' title='bbox 552 1147 686 1197; x_wconf 88' lang='lat' dir='ltr'>reperti</span> <span class='ocrx_word' id='word_1_114' title='bbox 713 1149 810 1186; x_wconf 85' lang='lat' dir='ltr'>sunt,</span> <span class='ocrx_word' id='word_1_115' title='bbox 839 1143 897 1191; x_wconf 89' lang='lat' dir='ltr'>qui</span> <span class='ocrx_word' id='word_1_116' title='bbox 928 1141 963 1176; x_wconf 87' lang='lat' dir='ltr'>in</span> <span class='ocrx_word' id='word_1_117' title='bbox 990 1152 1106 1187; x_wconf 85' lang='lat' dir='ltr'>nuper</span> <span class='ocrx_word' id='word_1_118' title='bbox 1134 1138 1227 1174; x_wconf 90' lang='lat' dir='ltr'>dicta</span> <span class='ocrx_word' id='word_1_119' title='bbox 1255 1137 1472 1173; x_wconf 87' lang='lat' dir='ltr'>collectione</span> <span class='ocrx_word' id='word_1_120' title='bbox 1500 1137 1651 1172; x_wconf 89' lang='lat' dir='ltr'>Lundae</span> <span class='ocrx_word' id='word_1_121' title='bbox 1679 1143 1833 1174; x_wconf 81' lang='lat' dir='ltr'>exstant.</span> 
     </span>
    </p>
   </div>
   <div class='ocr_carea' id='block_1_6' title="bbox 550 1224 2181 1801">
    <p class='ocr_par' dir='ltr' id='par_1_6' title="bbox 550 1224 2181 1801">
     <span class='ocr_line' id='line_1_15' title="bbox 704 1224 2179 1274; baseline -0.004 -9"><span class='ocrx_word' id='word_1_122' title='bbox 704 1230 908 1265; x_wconf 64' lang='lat' dir='ltr'>OELANDM</span> <span class='ocrx_word' id='word_1_123' title='bbox 936 1225 1057 1261; x_wconf 87' lang='lat' dir='ltr'>insula.</span> <span class='ocrx_word' id='word_1_124' title='bbox 1111 1225 1144 1260; x_wconf 86' lang='lat'>3.</span> <span class='ocrx_word' id='word_1_125' title='bbox 1203 1227 1297 1274; x_wconf 76' lang='lat' dir='ltr'>Torp</span> <span class='ocrx_word' id='word_1_126' title='bbox 1339 1227 1530 1273; x_wconf 83' lang='lat' dir='ltr'>paroeciae</span> <span class='ocrx_word' id='word_1_127' title='bbox 1568 1228 1676 1262; x_wconf 58' lang='lat' dir='ltr'>Bada.</span> <span class='ocrx_word' id='word_1_128' title='bbox 1732 1228 1829 1262; x_wconf 89' lang='lat' dir='ltr'>Inter</span> <span class='ocrx_word' id='word_1_129' title='bbox 1872 1227 2045 1262; x_wconf 84' lang='lat' dir='ltr'>arandum</span> <span class='ocrx_word' id='word_1_130' title='bbox 2078 1224 2114 1260; x_wconf 89' lang='lat' dir='ltr'>in</span> <span class='ocrx_word' id='word_1_131' title='bbox 2142 1236 2179 1259; x_wconf 89' lang='lat' dir='ltr'>a-</span> 
     </span>
     <span class='ocr_line' id='line_1_16' title="bbox 551 1283 2178 1339; baseline -0.004 -15"><span class='ocrx_word' id='word_1_132' title='bbox 551 1302 618 1339; x_wconf 82' lang='lat' dir='ltr'>gro</span> <span class='ocrx_word' id='word_1_133' title='bbox 643 1287 763 1324; x_wconf 86' lang='lat' dir='ltr'>novali</span> <span class='ocrx_word' id='word_1_134' title='bbox 786 1299 881 1322; x_wconf 89' lang='lat' dir='ltr'>anno</span> <span class='ocrx_word' id='word_1_135' title='bbox 914 1284 1008 1320; x_wconf 79' lang='grc'>1853</span> <span class='ocrx_word' id='word_1_136' title='bbox 1039 1283 1136 1319; x_wconf 86' lang='lat' dir='ltr'>varia</span> <span class='ocrx_word' id='word_1_137' title='bbox 1163 1289 1375 1319; x_wconf 87' lang='lat' dir='ltr'>ornamenta</span> <span class='ocrx_word' id='word_1_138' title='bbox 1403 1288 1437 1319; x_wconf 89' lang='lat' dir='ltr'>et</span> <span class='ocrx_word' id='word_1_139' title='bbox 1464 1284 1583 1319; x_wconf 89' lang='lat' dir='ltr'>annuli</span> <span class='ocrx_word' id='word_1_140' title='bbox 1610 1297 1657 1320; x_wconf 85' lang='lat' dir='ltr'>ex</span> <span class='ocrx_word' id='word_1_141' title='bbox 1688 1290 1855 1334; x_wconf 62' lang='lat' dir='ltr'>argentm</span> <span class='ocrx_word' id='word_1_142' title='bbox 1884 1285 2012 1333; x_wconf 88' lang='lat' dir='ltr'>partim</span> <span class='ocrx_word' id='word_1_143' title='bbox 2038 1283 2178 1325; x_wconf 87' lang='lat' dir='ltr'>illaesa,</span> 
     </span>
     <span class='ocr_line' id='line_1_17' title="bbox 550 1341 2178 1396; baseline -0.005 -13"><span class='ocrx_word' id='word_1_144' title='bbox 550 1347 677 1396; x_wconf 88' lang='lat' dir='ltr'>partim</span> <span class='ocrx_word' id='word_1_145' title='bbox 718 1344 916 1385; x_wconf 87' lang='lat' dir='ltr'>confracta,</span> <span class='ocrx_word' id='word_1_146' title='bbox 954 1343 1097 1378; x_wconf 88' lang='lat' dir='ltr'>iuventa</span> <span class='ocrx_word' id='word_1_147' title='bbox 1139 1346 1221 1377; x_wconf 89' lang='lat' dir='ltr'>sunt</span> <span class='ocrx_word' id='word_1_148' title='bbox 1258 1354 1328 1377; x_wconf 89' lang='lat' dir='ltr'>una</span> <span class='ocrx_word' id='word_1_149' title='bbox 1366 1354 1447 1377; x_wconf 89' lang='lat' dir='ltr'>cum</span> <span class='ocrx_word' id='word_1_150' title='bbox 1487 1342 1561 1377; x_wconf 80' lang='lat'>585</span> <span class='ocrx_word' id='word_1_151' title='bbox 1597 1343 1724 1379; x_wconf 84' lang='lat' dir='ltr'>numis.</span> <span class='ocrx_word' id='word_1_152' title='bbox 1782 1344 1925 1379; x_wconf 86' lang='lat' dir='ltr'>Horum</span> <span class='ocrx_word' id='word_1_153' title='bbox 1950 1343 1999 1378; x_wconf 81' lang='lat'>23</span> <span class='ocrx_word' id='word_1_154' title='bbox 2027 1341 2178 1390; x_wconf 71' lang='lat' dir='ltr'>anglo-</span> 
     </span>
     <span class='ocr_line' id='line_1_18' title="bbox 551 1399 2175 1450; baseline -0.004 -9"><span class='ocrx_word' id='word_1_155' title='bbox 551 1403 816 1441; x_wconf 88' lang='lat' dir='ltr'>sachsonici</span> <span class='ocrx_word' id='word_1_156' title='bbox 857 1406 958 1438; x_wconf 89' lang='lat' dir='ltr'>erant</span> <span class='ocrx_word' id='word_1_157' title='bbox 986 1401 1087 1448; x_wconf 88' lang='lat' dir='ltr'>(inde</span> <span class='ocrx_word' id='word_1_158' title='bbox 1115 1400 1160 1435; x_wconf 85' lang='lat' dir='ltr'>ab</span> <span class='ocrx_word' id='word_1_159' title='bbox 1188 1399 1413 1436; x_wconf 88' lang='lat' dir='ltr'>Aethelredo</span> <span class='ocrx_word' id='word_1_160' title='bbox 1443 1414 1557 1450; x_wconf 89' lang='lat' dir='ltr'>usque</span> <span class='ocrx_word' id='word_1_161' title='bbox 1583 1401 1629 1436; x_wconf 88' lang='lat' dir='ltr'>ad</span> <span class='ocrx_word' id='word_1_162' title='bbox 1651 1402 1864 1437; x_wconf 87' lang='lat' dir='ltr'>Edvardnm</span> <span class='ocrx_word' id='word_1_163' title='bbox 1891 1401 2175 1446; x_wconf 87' lang='lat' dir='ltr'>confessorem),</span> 
     </span>
     <span class='ocr_line' id='line_1_19' title="bbox 551 1458 2179 1509; baseline -0.004 -9"><span class='ocrx_word' id='word_1_164' title='bbox 551 1466 595 1500; x_wconf 68' lang='lat'>21</span> <span class='ocrx_word' id='word_1_165' title='bbox 629 1463 778 1499; x_wconf 86' lang='lat' dir='ltr'>danici</span> <span class='ocrx_word' id='word_1_166' title='bbox 805 1467 949 1509; x_wconf 75' lang='lat' dir='ltr'>(regum</span> <span class='ocrx_word' id='word_1_167' title='bbox 978 1458 1242 1498; x_wconf 85' lang='lat' dir='ltr'>Hardhaknuti,</span> <span class='ocrx_word' id='word_1_168' title='bbox 1269 1459 1449 1494; x_wconf 87' lang='lat' dir='ltr'>Svenonis</span> <span class='ocrx_word' id='word_1_169' title='bbox 1475 1459 1607 1494; x_wconf 85' lang='lat' dir='ltr'>Estridi</span> <span class='ocrx_word' id='word_1_170' title='bbox 1636 1464 1670 1495; x_wconf 85' lang='lat' dir='ltr'>et</span> <span class='ocrx_word' id='word_1_171' title='bbox 1686 1459 1808 1503; x_wconf 66' lang='lat' dir='ltr'>Magni</span> <span class='ocrx_word' id='word_1_172' title='bbox 1834 1460 2055 1507; x_wconf 86' lang='lat' dir='ltr'>Clementis),</span> <span class='ocrx_word' id='word_1_173' title='bbox 2081 1471 2179 1493; x_wconf 88' lang='lat' dir='ltr'>nor-</span> 
     </span>
     <span class='ocr_line' id='line_1_20' title="bbox 551 1516 2179 1571; baseline -0.004 -13"><span class='ocrx_word' id='word_1_174' title='bbox 551 1523 734 1571; x_wconf 81' lang='lat' dir='ltr'>vegicus</span> <span class='ocrx_word' id='word_1_175' title='bbox 777 1518 996 1558; x_wconf 65' lang='lat' dir='ltr'>Hardradei,</span> <span class='ocrx_word' id='word_1_176' title='bbox 1026 1517 1271 1565; x_wconf 71' lang='lat' dir='ltr'>ungaricus</span> <span class='ocrx_word' id='word_1_177' title='bbox 1312 1516 1499 1565; x_wconf 85' lang='lat' dir='ltr'>Stephani,</span> <span class='ocrx_word' id='word_1_178' title='bbox 1538 1517 1611 1552; x_wconf 90' lang='lat' dir='ltr'>duo</span> <span class='ocrx_word' id='word_1_179' title='bbox 1654 1518 1891 1566; x_wconf 83' lang='lat' dir='ltr'>byzantini</span> <span class='ocrx_word' id='word_1_180' title='bbox 1925 1517 2059 1563; x_wconf 86' lang='lat' dir='ltr'>(Basilii</span> <span class='ocrx_word' id='word_1_181' title='bbox 2083 1518 2113 1552; x_wconf 92' lang='lat'>11</span> <span class='ocrx_word' id='word_1_182' title='bbox 2145 1521 2179 1552; x_wconf 90' lang='lat' dir='ltr'>et</span> 
     </span>
     <span class='ocr_line' id='line_1_21' title="bbox 551 1575 2181 1626; baseline -0.004 -9"><span class='ocrx_word' id='word_1_183' title='bbox 551 1578 774 1617; x_wconf 78' lang='lat' dir='ltr'>Constantini</span> <span class='ocrx_word' id='word_1_184' title='bbox 800 1578 883 1626; x_wconf 83' lang='lat' dir='ltr'><strong>XI),</strong></span> <span class='ocrx_word' id='word_1_185' title='bbox 925 1577 998 1611; x_wconf 82' lang='lat'>519</span> <span class='ocrx_word' id='word_1_186' title='bbox 1028 1575 1160 1610; x_wconf 90' lang='lat' dir='ltr'>diversi</span> <span class='ocrx_word' id='word_1_187' title='bbox 1187 1575 1332 1624; x_wconf 81' lang='lat' dir='ltr'>generis</span> <span class='ocrx_word' id='word_1_188' title='bbox 1359 1576 1606 1624; x_wconf 82' lang='lat' dir='ltr'>germanici</span> <span class='ocrx_word' id='word_1_189' title='bbox 1634 1582 1749 1612; x_wconf 88' lang='lat' dir='ltr'>aetate</span> <span class='ocrx_word' id='word_1_190' title='bbox 1777 1577 1906 1614; x_wconf 88' lang='lat' dir='ltr'>ceteris</span> <span class='ocrx_word' id='word_1_191' title='bbox 1933 1576 2121 1625; x_wconf 81' lang='lat' dir='ltr'>aequaleS‚</span> <span class='ocrx_word' id='word_1_192' title='bbox 2146 1580 2181 1610; x_wconf 90' lang='lat' dir='ltr'>et</span> 
     </span>
     <span class='ocr_line' id='line_1_22' title="bbox 554 1632 2179 1684; baseline -0.004 -10"><span class='ocrx_word' id='word_1_193' title='bbox 554 1641 592 1674; x_wconf 90' lang='lat'>11</span> <span class='ocrx_word' id='word_1_194' title='bbox 641 1637 793 1678; x_wconf 87' lang='lat' dir='ltr'>eusici,</span> <span class='ocrx_word' id='word_1_195' title='bbox 822 1648 977 1684; x_wconf 89' lang='lat' dir='ltr'>quorum</span> <span class='ocrx_word' id='word_1_196' title='bbox 1004 1636 1024 1670; x_wconf 90' lang='lat'><strong>7</strong></span> <span class='ocrx_word' id='word_1_197' title='bbox 1054 1634 1183 1681; x_wconf 80' lang='lat' dir='ltr'>integri</span> <span class='ocrx_word' id='word_1_198' title='bbox 1217 1637 1327 1668; x_wconf 89' lang='lat' dir='ltr'>erant.</span> <span class='ocrx_word' id='word_1_199' title='bbox 1382 1634 1423 1669; x_wconf 91' lang='lat' dir='ltr'>ln</span> <span class='ocrx_word' id='word_1_200' title='bbox 1447 1632 1501 1669; x_wconf 91' lang='lat' dir='ltr'>his</span> <span class='ocrx_word' id='word_1_201' title='bbox 1530 1639 1673 1681; x_wconf 86' lang='lat' dir='ltr'>praeter</span> <span class='ocrx_word' id='word_1_202' title='bbox 1699 1635 2026 1676; x_wconf 78' lang='lat' dir='ltr'>abbasidicum,</span> <span class='ocrx_word' id='word_1_203' title='bbox 2056 1647 2085 1669; x_wconf 88' lang='lat' dir='ltr'>a.</span> <span class='ocrx_word' id='word_1_204' title='bbox 2106 1634 2179 1669; x_wconf 70' lang='lat'>28⁶2</span> 
     </span>
     <span class='ocr_line' id='line_1_23' title="bbox 550 1692 2180 1743; baseline -0.004 -10"><span class='ocrx_word' id='word_1_205' title='bbox 550 1699 584 1734; x_wconf 91' lang='lat' dir='ltr'>in</span> <span class='ocrx_word' id='word_1_206' title='bbox 612 1697 703 1732; x_wconf 87' lang='lat' dir='ltr'>urbe</span> <span class='ocrx_word' id='word_1_207' title='bbox 734 1695 855 1731; x_wconf 86' lang='lat' dir='ltr'>salutis</span> <span class='ocrx_word' id='word_1_208' title='bbox 891 1706 1034 1734; x_wconf 85' lang='lat' dir='ltr'>cusum,</span> <span class='ocrx_word' id='word_1_209' title='bbox 1073 1692 1233 1741; x_wconf 87' lang='lat' dir='ltr'>quinque</span> <span class='ocrx_word' id='word_1_210' title='bbox 1264 1692 1486 1740; x_wconf 84' lang='lat' dir='ltr'>apparebant</span> <span class='ocrx_word' id='word_1_211' title='bbox 1525 1693 1793 1729; x_wconf 84' lang='lat' dir='ltr'>samanidici</span> <span class='ocrx_word' id='word_1_212' title='bbox 1821 1698 1856 1729; x_wconf 90' lang='lat' dir='ltr'>et</span> <span class='ocrx_word' id='word_1_213' title='bbox 1888 1699 2043 1743; x_wconf 89' lang='lat' dir='ltr'>quatuor</span> <span class='ocrx_word' id='word_1_214' title='bbox 2068 1692 2180 1728; x_wconf 88' lang='lat' dir='ltr'>ham-</span> 
     </span>
     <span class='ocr_line' id='line_1_24' title="bbox 552 1750 2068 1801; baseline -0.003 -9"><span class='ocrx_word' id='word_1_215' title='bbox 552 1754 763 1795; x_wconf 85' lang='lat' dir='ltr'>danidici,</span> <span class='ocrx_word' id='word_1_216' title='bbox 792 1765 920 1788; x_wconf 89' lang='lat' dir='ltr'>omnes</span> <span class='ocrx_word' id='word_1_217' title='bbox 948 1751 1049 1801; x_wconf 89' lang='lat' dir='ltr'>quasi</span> <span class='ocrx_word' id='word_1_218' title='bbox 1079 1751 1209 1786; x_wconf 87' lang='lat' dir='ltr'>malleo</span> <span class='ocrx_word' id='word_1_219' title='bbox 1237 1750 1416 1798; x_wconf 83' lang='lat' dir='ltr'>percussi,</span> <span class='ocrx_word' id='word_1_220' title='bbox 1446 1750 1589 1798; x_wconf 89' lang='lat' dir='ltr'>plurimi</span> <span class='ocrx_word' id='word_1_221' title='bbox 1611 1751 1793 1800; x_wconf 87' lang='lat' dir='ltr'>perforati.</span> <span class='ocrx_word' id='word_1_222' title='bbox 1825 1752 1914 1800; x_wconf 88' lang='lat' dir='ltr'>(Inv.</span> <span class='ocrx_word' id='word_1_223' title='bbox 1944 1753 2068 1798; x_wconf 84' lang='lat'>1913.)</span> 
     </span>
    </p>
   </div>
   <div class='ocr_carea' id='block_1_7' title="bbox 548 1842 2181 2069">
    <p class='ocr_par' dir='ltr' id='par_1_7' title="bbox 548 1842 2181 2069">
     <span class='ocr_line' id='line_1_25' title="bbox 707 1842 2181 1890; baseline -0.001 -11"><span class='ocrx_word' id='word_1_224' title='bbox 707 1846 942 1879; x_wconf 74' lang='lat' dir='ltr'>(iOTLAnmA</span> <span class='ocrx_word' id='word_1_225' title='bbox 969 1842 1092 1877; x_wconf 89' lang='lat' dir='ltr'>insula.</span> <span class='ocrx_word' id='word_1_226' title='bbox 1146 1842 1179 1877; x_wconf 77' lang='lat'>4.</span> <span class='ocrx_word' id='word_1_227' title='bbox 1224 1843 1367 1877; x_wconf 76' lang='lat' dir='ltr'>Timmzs</span> <span class='ocrx_word' id='word_1_228' title='bbox 1406 1843 1599 1890; x_wconf 87' lang='lat' dir='ltr'>paroeciae</span> <span class='ocrx_word' id='word_1_229' title='bbox 1641 1843 1762 1878; x_wconf 80' lang='lat' dir='ltr'>Roma.</span> <span class='ocrx_word' id='word_1_230' title='bbox 1816 1843 1926 1878; x_wconf 90' lang='lat' dir='ltr'>Anno</span> <span class='ocrx_word' id='word_1_231' title='bbox 1966 1843 2060 1877; x_wconf 79' lang='grc'>1849</span> <span class='ocrx_word' id='word_1_232' title='bbox 2095 1854 2181 1890; x_wconf 88' lang='lat' dir='ltr'>qua-</span> 
     </span>
     <span class='ocr_line' id='line_1_26' title="bbox 551 1900 2176 1947; baseline -0.002 -8"><span class='ocrx_word' id='word_1_233' title='bbox 551 1909 634 1939; x_wconf 86' lang='lat' dir='ltr'>tuor</span> <span class='ocrx_word' id='word_1_234' title='bbox 672 1901 791 1937; x_wconf 89' lang='lat' dir='ltr'>intacti</span> <span class='ocrx_word' id='word_1_235' title='bbox 826 1905 861 1936; x_wconf 88' lang='lat' dir='ltr'>et</span> <span class='ocrx_word' id='word_1_236' title='bbox 899 1904 972 1935; x_wconf 89' lang='lat' dir='ltr'>tres</span> <span class='ocrx_word' id='word_1_237' title='bbox 1002 1900 1152 1935; x_wconf 77' lang='lat' dir='ltr'>diffracti</span> <span class='ocrx_word' id='word_1_238' title='bbox 1184 1900 1525 1936; x_wconf 85' lang='lat' dir='ltr'>Samanidarum</span> <span class='ocrx_word' id='word_1_239' title='bbox 1561 1901 1675 1942; x_wconf 84' lang='lat' dir='ltr'>numi,</span> <span class='ocrx_word' id='word_1_240' title='bbox 1713 1900 1749 1936; x_wconf 89' lang='lat' dir='ltr'>in</span> <span class='ocrx_word' id='word_1_241' title='bbox 1777 1900 1926 1936; x_wconf 87' lang='lat' dir='ltr'>urbibus</span> <span class='ocrx_word' id='word_1_242' title='bbox 1956 1900 2104 1936; x_wconf 86' lang='lat' dir='ltr'>Khottel</span> <span class='ocrx_word' id='word_1_243' title='bbox 2131 1904 2176 1947; x_wconf 86' lang='lat' dir='ltr'>(a.</span> 
     </span>
     <span class='ocr_line' id='line_1_27' title="bbox 549 1957 2178 2009; baseline -0.001 -13"><span class='ocrx_word' id='word_1_244' title='bbox 549 1962 654 2009; x_wconf 72' lang='lat'><strong>294),</strong></span> <span class='ocrx_word' id='word_1_245' title='bbox 692 1958 966 2007; x_wconf 85' lang='lat' dir='ltr'>Samerqandae</span> <span class='ocrx_word' id='word_1_246' title='bbox 1002 1962 1036 1994; x_wconf 87' lang='lat' dir='ltr'>et</span> <span class='ocrx_word' id='word_1_247' title='bbox 1062 1957 1295 1999; x_wconf 77' lang='lat' dir='ltr'>Enderabae,</span> <span class='ocrx_word' id='word_1_248' title='bbox 1337 1960 1380 1994; x_wconf 85' lang='lat' dir='ltr'>ab</span> <span class='ocrx_word' id='word_1_249' title='bbox 1410 1957 1581 1994; x_wconf 79' lang='lat' dir='ltr'>Ahinedo</span> <span class='ocrx_word' id='word_1_250' title='bbox 1611 1964 1646 1994; x_wconf 91' lang='lat' dir='ltr'>et</span> <span class='ocrx_word' id='word_1_251' title='bbox 1673 1959 1794 1995; x_wconf 88' lang='lat' dir='ltr'>Nasro</span> <span class='ocrx_word' id='word_1_252' title='bbox 1831 1958 1996 2007; x_wconf 87' lang='lat' dir='ltr'>dynastis</span> <span class='ocrx_word' id='word_1_253' title='bbox 2035 1959 2178 2008; x_wconf 79' lang='lat' dir='ltr'>signati,</span> 
     </span>
     <span class='ocr_line' id='line_1_28' title="bbox 548 2017 1283 2069; baseline -0.005 -14"><span class='ocrx_word' id='word_1_254' title='bbox 548 2020 583 2055; x_wconf 91' lang='lat' dir='ltr'>in</span> <span class='ocrx_word' id='word_1_255' title='bbox 615 2032 703 2069; x_wconf 82' lang='lat' dir='ltr'>agro</span> <span class='ocrx_word' id='word_1_256' title='bbox 732 2017 864 2066; x_wconf 86' lang='lat' dir='ltr'>reperti</span> <span class='ocrx_word' id='word_1_257' title='bbox 891 2021 982 2052; x_wconf 90' lang='lat' dir='ltr'>sunt.</span> <span class='ocrx_word' id='word_1_258' title='bbox 1038 2017 1125 2064; x_wconf 80' lang='lat' dir='ltr'>(Inv.</span> <span class='ocrx_word' id='word_1_259' title='bbox 1160 2017 1283 2065; x_wconf 78' lang='lat'>1528).</span> 
     </span>
    </p>
   </div>
   <div class='ocr_carea' id='block_1_8' title="bbox 550 2100 2184 2509">
    <p class='ocr_par' dir='ltr' id='par_1_8' title="bbox 550 2100 2184 2509">
     <span class='ocr_line' id='line_1_29' title="bbox 711 2100 2181 2161; baseline -0.002 -12"><span class='ocrx_word' id='word_1_260' title='bbox 711 2116 743 2149; x_wconf 90' lang='lat'>5.</span> <span class='ocrx_word' id='word_1_261' title='bbox 800 2114 977 2149; x_wconf 60' lang='lat' dir='ltr'>Mullzvads</span> <span class='ocrx_word' id='word_1_262' title='bbox 1016 2111 1209 2161; x_wconf 88' lang='lat' dir='ltr'>paroeciae</span> <span class='ocrx_word' id='word_1_263' title='bbox 1247 2112 1378 2147; x_wconf 83' lang='lat' dir='ltr'>Hemse.</span> <span class='ocrx_word' id='word_1_264' title='bbox 1433 2113 1545 2147; x_wconf 88' lang='lat' dir='ltr'>Anno</span> <span class='ocrx_word' id='word_1_265' title='bbox 1589 2112 1683 2146; x_wconf 87' lang='grc'>1853</span> <span class='ocrx_word' id='word_1_266' title='bbox 1711 2111 1747 2146; x_wconf 91' lang='lat' dir='ltr'>in</span> <span class='ocrx_word' id='word_1_267' title='bbox 1772 2100 1904 2147; x_wconf 77' lang='lat' dir='ltr'>acervo</span> <span class='ocrx_word' id='word_1_268' title='bbox 1940 2111 2097 2160; x_wconf 87' lang='lat' dir='ltr'>lapidum</span> <span class='ocrx_word' id='word_1_269' title='bbox 2133 2112 2181 2146; x_wconf 88' lang='grc'>80</span> 
     </span>
     <span class='ocr_line' id='line_1_30' title="bbox 555 2169 2181 2222; baseline -0.003 -13"><span class='ocrx_word' id='word_1_270' title='bbox 555 2174 683 2222; x_wconf 84' lang='lat' dir='ltr'>integri</span> <span class='ocrx_word' id='word_1_271' title='bbox 712 2177 747 2208; x_wconf 89' lang='lat' dir='ltr'>et</span> <span class='ocrx_word' id='word_1_272' title='bbox 776 2173 819 2208; x_wconf 88' lang='grc'>18</span> <span class='ocrx_word' id='word_1_273' title='bbox 850 2171 939 2207; x_wconf 87' lang='lat' dir='ltr'>laesi</span> <span class='ocrx_word' id='word_1_274' title='bbox 966 2172 1111 2207; x_wconf 66' lang='lat' dir='ltr'>dirlmm·</span> <span class='ocrx_word' id='word_1_275' title='bbox 1136 2170 1278 2206; x_wconf 86' lang='lat' dir='ltr'>collecti</span> <span class='ocrx_word' id='word_1_276' title='bbox 1306 2174 1397 2205; x_wconf 90' lang='lat' dir='ltr'>sunt.</span> <span class='ocrx_word' id='word_1_277' title='bbox 1427 2170 1593 2205; x_wconf 85' lang='lat' dir='ltr'>Aderant</span> <span class='ocrx_word' id='word_1_278' title='bbox 1619 2182 1687 2205; x_wconf 87' lang='lat' dir='ltr'>sex</span> <span class='ocrx_word' id='word_1_279' title='bbox 1715 2169 1990 2211; x_wconf 84' lang='lat' dir='ltr'>abbasidici,</span> <span class='ocrx_word' id='word_1_280' title='bbox 2025 2182 2181 2218; x_wconf 86' lang='lat' dir='ltr'>quorum</span> 
     </span>
     <span class='ocr_line' id='line_1_31' title="bbox 551 2227 2180 2280; baseline -0.002 -14"><span class='ocrx_word' id='word_1_281' title='bbox 551 2231 819 2280; x_wconf 86' lang='lat' dir='ltr'>antiquissimus</span> <span class='ocrx_word' id='word_1_282' title='bbox 848 2230 883 2265; x_wconf 90' lang='lat' dir='ltr'>in</span> <span class='ocrx_word' id='word_1_283' title='bbox 913 2229 1003 2265; x_wconf 87' lang='lat' dir='ltr'>urbe</span> <span class='ocrx_word' id='word_1_284' title='bbox 1033 2229 1155 2264; x_wconf 82' lang='lat' dir='ltr'>salutis</span> <span class='ocrx_word' id='word_1_285' title='bbox 1183 2241 1213 2263; x_wconf 91' lang='lat' dir='ltr'>a.</span> <span class='ocrx_word' id='word_1_286' title='bbox 1247 2229 1316 2263; x_wconf 80' lang='lat'>193</span> <span class='ocrx_word' id='word_1_287' title='bbox 1359 2241 1468 2263; x_wconf 90' lang='lat' dir='ltr'>cusus</span> <span class='ocrx_word' id='word_1_288' title='bbox 1497 2233 1588 2270; x_wconf 85' lang='lat' dir='ltr'>crat,</span> <span class='ocrx_word' id='word_1_289' title='bbox 1617 2228 1836 2264; x_wconf 85' lang='lat' dir='ltr'>novissimus</span> <span class='ocrx_word' id='word_1_290' title='bbox 1864 2241 1953 2263; x_wconf 90' lang='lat' dir='ltr'>vero</span> <span class='ocrx_word' id='word_1_291' title='bbox 1995 2227 2180 2263; x_wconf 87' lang='lat' dir='ltr'>el-Basrae</span> 
     </span>
     <span class='ocr_line' id='line_1_32' title="bbox 551 2285 2182 2334; baseline -0.002 -10"><span class='ocrx_word' id='word_1_292' title='bbox 551 2304 580 2325; x_wconf 84' lang='lat' dir='ltr'>a.</span> <span class='ocrx_word' id='word_1_293' title='bbox 610 2291 699 2330; x_wconf 72' lang='lat'>320,</span> <span class='ocrx_word' id='word_1_294' title='bbox 729 2289 802 2324; x_wconf 88' lang='lat' dir='ltr'>dno</span> <span class='ocrx_word' id='word_1_295' title='bbox 840 2287 1124 2334; x_wconf 85' lang='lat' dir='ltr'>buvejhidici</span> <span class='ocrx_word' id='word_1_296' title='bbox 1153 2292 1187 2322; x_wconf 91' lang='lat' dir='ltr'>et</span> <span class='ocrx_word' id='word_1_297' title='bbox 1218 2285 1577 2322; x_wconf 88' lang='lat' dir='ltr'>ikhschididicus</span> <span class='ocrx_word' id='word_1_298' title='bbox 1614 2287 1779 2322; x_wconf 84' lang='lat' dir='ltr'>eximius.</span> <span class='ocrx_word' id='word_1_299' title='bbox 1837 2286 1955 2322; x_wconf 83' lang='lat' dir='ltr'>Ceteri</span> <span class='ocrx_word' id='word_1_300' title='bbox 1988 2285 2182 2321; x_wconf 85' lang='lat' dir='ltr'>Samani-</span> 
     </span>
     <span class='ocr_line' id='line_1_33' title="bbox 552 2344 2180 2396; baseline -0.003 -13"><span class='ocrx_word' id='word_1_301' title='bbox 552 2348 617 2383; x_wconf 89' lang='lat' dir='ltr'>dis</span> <span class='ocrx_word' id='word_1_302' title='bbox 657 2347 832 2396; x_wconf 80' lang='lat' dir='ltr'>originem</span> <span class='ocrx_word' id='word_1_303' title='bbox 861 2345 1061 2387; x_wconf 82' lang='lat' dir='ltr'>debebant,</span> <span class='ocrx_word' id='word_1_304' title='bbox 1090 2345 1135 2380; x_wconf 86' lang='lat' dir='ltr'>ab</span> <span class='ocrx_word' id='word_1_305' title='bbox 1164 2345 1323 2382; x_wconf 78' lang='lat' dir='ltr'>lsmailo.</span> <span class='ocrx_word' id='word_1_306' title='bbox 1354 2344 1544 2385; x_wconf 82' lang='lat' dir='ltr'>Ahmedo,</span> <span class='ocrx_word' id='word_1_307' title='bbox 1573 2344 1689 2380; x_wconf 85' lang='lat' dir='ltr'>Nasro</span> <span class='ocrx_word' id='word_1_308' title='bbox 1719 2350 1753 2380; x_wconf 90' lang='lat' dir='ltr'>et</span> <span class='ocrx_word' id='word_1_309' title='bbox 1781 2344 1886 2380; x_wconf 91' lang='lat' dir='ltr'>Nuho</span> <span class='ocrx_word' id='word_1_310' title='bbox 1924 2357 1952 2379; x_wconf 87' lang='lat' dir='ltr'>a.</span> <span class='ocrx_word' id='word_1_311' title='bbox 1981 2344 2180 2378; x_wconf 72' lang='lat'>280-342</span> 
     </span>
     <span class='ocr_line' id='line_1_34' title="bbox 550 2402 2184 2451; baseline -0.001 -12"><span class='ocrx_word' id='word_1_312' title='bbox 550 2405 827 2441; x_wconf 70' lang='lat' dir='ltr'>el-Schaschae,</span> <span class='ocrx_word' id='word_1_313' title='bbox 857 2404 1144 2451; x_wconf 70' lang='lat' dir='ltr'>Sanierqandac,</span> <span class='ocrx_word' id='word_1_314' title='bbox 1174 2403 1406 2444; x_wconf 85' lang='lat' dir='ltr'>Enderabae,</span> <span class='ocrx_word' id='word_1_315' title='bbox 1433 2402 1591 2439; x_wconf 83' lang='lat' dir='ltr'>Balkhae</span> <span class='ocrx_word' id='word_1_316' title='bbox 1618 2410 1652 2438; x_wconf 87' lang='lat' dir='ltr'>et</span> <span class='ocrx_word' id='word_1_317' title='bbox 1679 2403 1869 2438; x_wconf 83' lang='lat' dir='ltr'>Bukharae</span> <span class='ocrx_word' id='word_1_318' title='bbox 1897 2402 2052 2450; x_wconf 88' lang='lat' dir='ltr'>procusi.</span> <span class='ocrx_word' id='word_1_319' title='bbox 2090 2402 2184 2437; x_wconf 86' lang='lat' dir='ltr'>Tres</span> 
     </span>
     <span class='ocr_line' id='line_1_35' title="bbox 551 2462 1610 2509; baseline -0.003 -10"><span class='ocrx_word' id='word_1_320' title='bbox 551 2465 655 2500; x_wconf 84' lang='lat' dir='ltr'>etiam</span> <span class='ocrx_word' id='word_1_321' title='bbox 686 2463 763 2498; x_wconf 86' lang='lat' dir='ltr'>falsi</span> <span class='ocrx_word' id='word_1_322' title='bbox 789 2462 966 2497; x_wconf 86' lang='lat' dir='ltr'>barbarae</span> <span class='ocrx_word' id='word_1_323' title='bbox 994 2466 1163 2497; x_wconf 88' lang='lat' dir='ltr'>monetae</span> <span class='ocrx_word' id='word_1_324' title='bbox 1190 2462 1338 2497; x_wconf 85' lang='lat' dir='ltr'>inerant.</span> <span class='ocrx_word' id='word_1_325' title='bbox 1368 2462 1457 2508; x_wconf 85' lang='lat' dir='ltr'>(Inv.</span> <span class='ocrx_word' id='word_1_326' title='bbox 1489 2462 1610 2509; x_wconf 78' lang='lat'>1930).</span> 
     </span>
    </p>
   </div>
   <div class='ocr_carea' id='block_1_9' title="bbox 552 2554 2181 2671">
    <p class='ocr_par' dir='ltr' id='par_1_9' title="bbox 552 2554 2181 2671">
     <span class='ocr_line' id='line_1_36' title="bbox 706 2554 2181 2607; baseline -0.004 -11"><span class='ocrx_word' id='word_1_327' title='bbox 706 2563 737 2597; x_wconf 82' lang='lat'>6.</span> <span class='ocrx_word' id='word_1_328' title='bbox 794 2561 914 2606; x_wconf 60' lang='lat' dir='ltr'>Siguls</span> <span class='ocrx_word' id='word_1_329' title='bbox 955 2559 1148 2607; x_wconf 81' lang='lat' dir='ltr'>paroeciae</span> <span class='ocrx_word' id='word_1_330' title='bbox 1191 2559 1273 2605; x_wconf 70' lang='lat' dir='ltr'>Lye.</span> <span class='ocrx_word' id='word_1_331' title='bbox 1331 2557 1474 2592; x_wconf 82' lang='lat' dir='ltr'>Eodem</span> <span class='ocrx_word' id='word_1_332' title='bbox 1518 2569 1613 2592; x_wconf 87' lang='lat' dir='ltr'>anno</span> <span class='ocrx_word' id='word_1_333' title='bbox 1661 2567 1794 2592; x_wconf 87' lang='lat' dir='ltr'>numus</span> <span class='ocrx_word' id='word_1_334' title='bbox 1838 2554 2112 2590; x_wconf 81' lang='lat' dir='ltr'>tahiridicus</span> <span class='ocrx_word' id='word_1_335' title='bbox 2146 2554 2181 2590; x_wconf 90' lang='lat' dir='ltr'>in</span> 
     </span>
     <span class='ocr_line' id='line_1_37' title="bbox 552 2616 1480 2671; baseline -0.008 -14"><span class='ocrx_word' id='word_1_336' title='bbox 552 2634 640 2671; x_wconf 74' lang='lat' dir='ltr'>agro</span> <span class='ocrx_word' id='word_1_337' title='bbox 670 2619 770 2656; x_wconf 89' lang='lat' dir='ltr'>solus</span> <span class='ocrx_word' id='word_1_338' title='bbox 794 2620 921 2665; x_wconf 83' lang='lat' dir='ltr'>jacens</span> <span class='ocrx_word' id='word_1_339' title='bbox 950 2623 1114 2665; x_wconf 88' lang='lat' dir='ltr'>repertus</span> <span class='ocrx_word' id='word_1_340' title='bbox 1144 2621 1205 2651; x_wconf 85' lang='lat' dir='ltr'>est.</span> <span class='ocrx_word' id='word_1_341' title='bbox 1235 2617 1324 2664; x_wconf 78' lang='lat' dir='ltr'>(Inv.</span> <span class='ocrx_word' id='word_1_342' title='bbox 1357 2616 1480 2664; x_wconf 84' lang='lat'>1976).</span> 
     </span>
    </p>
   </div>
  </div>
 </body>
</html>
