2435 3188
1612 252 1694 293 109

167 366 326 415 Epigyne
358 374 488 408 magna,
528 359 614 395 bene
647 372 805 408 expressa
840 358 969 406 plagam
1000 357 1118 392 format
1158 357 1308 404 longam,
1343 370 1359 390 a
1393 358 1472 392 rima
1512 358 1642 405 genitali
1684 358 1751 393 sere

167 425 206 460 ad
231 422 381 472 petiolum
415 425 599 461 extensam,
631 424 786 467 primum
812 418 949 464 (antice)
984 422 1169 463 angustam,
1211 417 1305 464 apice
1340 416 1545 450 rotundatam
1572 423 1604 450 et
1630 418 1751 451 immis-

165 496 231 518 sam
258 487 289 516 et
312 481 341 514 in
369 478 477 513 medio
505 479 606 513 costis
638 477 765 512 duabus
792 476 943 517 elevatis,
966 474 1255 523 longitudinalibus
1281 481 1442 515 notatam,
1482 475 1598 509 deinde
1630 475 1753 509 sortiter

164 549 343 576 transverse
366 539 576 585 impressam,
615 535 745 570 soveola
774 535 923 582 utrinque
955 535 1113 581 triangula
1144 535 1249 569 antice
1273 535 1302 568 in
1332 535 1403 582 ipsa
1431 532 1492 567 hac
1518 534 1752 581 impressione,

163 606 195 636 et
218 607 287 634 tum
314 596 491 637 dilatatam,
518 595 790 643 impressionibus
817 593 945 629 duabus
973 593 1260 641 longitudinalibus
1278 593 1560 641 sub—tripartitam.
1595 590 1752 626 Mamil-

163 659 223 693 lae
247 669 361 705 parum
388 657 621 704 prominentes.

306 772 653 822 Cephalothorax
697 773 805 819 niger,
848 771 924 805 vitta
965 770 1133 818 marginali
1172 770 1249 812 lata,
1290 771 1469 818 geminata,
1503 771 1649 810 cinerea,
1687 782 1753 804 non

160 845 231 868 raro
258 832 372 868 detrita
401 832 451 867 vel
480 832 510 866 in
540 830 683 866 maculas
712 830 882 878 dispersas
911 829 1053 871 divulsa,
1079 830 1292 877 vestigiisque
1321 830 1401 864 aliae
1432 829 1552 871 lineae,
1585 830 1682 863 etiam
1709 829 1754 862 ci-

160 904 276 938 nereae
301 894 330 926 in
357 890 466 926 medio
491 890 607 932 latere,
634 891 664 924 in
692 896 784 937 parte
811 889 980 936 cephalica
1009 889 1203 936 praesertim
1230 888 1427 928 manifestis:
1456 888 1590 923 dorsum
1613 892 1756 934 occupat

159 950 254 985 fascia
284 951 412 985 cinerea
438 950 567 998 postice
592 948 763 983 rotundata
790 947 843 983 vel
868 949 1065 989 acuminata,
1090 949 1173 982 inter
1200 953 1326 996 partem
1355 947 1558 995 cephalicam
1586 952 1618 982 et
1645 946 1755 981 thora-

158 1010 259 1044 cicam
288 1010 438 1057 utrinque
465 1007 629 1056 profunde
662 1009 763 1043 incisa
790 1009 860 1042 sive
888 1013 1025 1056 repente
1054 1013 1241 1055 angustata,
1278 1013 1343 1041 tum
1372 1006 1538 1041 latitudine
1573 1006 1685 1054 priore
1714 1004 1755 1039 ad

160 1068 273 1104 oculos
302 1069 453 1116 posticos
485 1067 665 1115 producta,
701 1067 888 1114 tri›cuspis,
925 1067 1063 1115 cuspide
1100 1065 1208 1101 medio
1242 1067 1435 1113 praesertim
1463 1066 1549 1100 bene
1578 1077 1755 1113 expresso,

157 1128 240 1163 linea
264 1128 349 1162 tenui
385 1126 490 1162 media
525 1127 616 1174 nigra
645 1127 674 1160 in
702 1132 795 1174 parte
830 1126 995 1160 tlioracica
1024 1127 1221 1173 punctisque
1248 1125 1379 1160 duobus
1406 1126 1436 1159 in
1464 1130 1557 1172 parte
1585 1123 1755 1172 cephalica

162 1187 270 1235 paullo
307 1192 380 1221 ante
418 1187 591 1220 incisuram
626 1185 711 1219 illam
749 1191 868 1219 notata.
922 1184 1010 1220 Inter
1051 1185 1167 1220 oculos
1202 1186 1408 1233 posteriores
1435 1183 1518 1219 haec
1541 1197 1618 1232 pars
1644 1182 1754 1217 susco-

158 1246 260 1294 pilosa
293 1251 357 1287 est,
443 1246 538 1293 nigro
578 1246 662 1279 inter
688 1244 771 1279 duos
800 1245 949 1292 posticos
981 1244 1146 1284 distincta,
1182 1245 1212 1278 in
1243 1244 1331 1291 quod
1365 1244 1477 1291 cuspis
1503 1243 1609 1278 media
1636 1242 1755 1276 fasciae

159 1304 296 1340 dorsalis
321 1305 439 1339 inserta
466 1310 526 1338 est.
573 1302 698 1338 Stern
709 1317 767 1338 um
792 1303 935 1345 fuscum,
963 1303 1266 1351 cinereo-pilosum.
1316 1302 1440 1337 Oculi
1470 1302 1630 1342 succinei,
1657 1300 1757 1334 medii

162 1363 341 1412 superciliis
370 1364 468 1398 canis.
519 1361 800 1398 Mandibulae
830 1364 959 1410 nigrae,
985 1363 1025 1397 ad
1052 1363 1146 1398 basin
1173 1376 1275 1410 saepe
1301 1363 1563 1403 sub-testaceae,
1591 1361 1665 1409 pilis
1684 1360 1755 1394 lon-

158 1423 322 1471 gioribus,
349 1428 398 1456 sat
422 1421 548 1463 densis,
576 1422 845 1457 albido—cinereis
871 1425 1017 1457 vestitae.
1062 1421 1263 1456 Maxillae
1290 1428 1322 1456 et
1346 1422 1465 1456 labium
1488 1421 1754 1456 fusco-testacea.

158 1481 280 1530 Palpi
313 1482 463 1522 testacei,
497 1481 622 1516 annulis
650 1481 781 1516 duobus
809 1482 908 1528 nigris
935 1483 965 1516 in
984 1489 1093 1529 parte
1114 1481 1298 1525 femorali:
1315 1494 1407 1528 pars
1429 1480 1616 1528 patellaris
1643 1491 1753 1513 macu-

159 1541 219 1575 lam
246 1541 370 1588 nigram
398 1540 540 1576 basalem
568 1540 619 1575 vel
647 1540 787 1575 mediam
816 1540 929 1581 habet,
955 1539 1081 1575 tibialis
1109 1540 1179 1574 basi
1206 1540 1269 1575 late
1299 1545 1350 1574 est
1374 1539 1480 1580 fusca,
1506 1538 1668 1574 interdum
1687 1550 1752 1571 ma-

158 1600 228 1634 cula
257 1599 377 1640 media,
404 1600 499 1633 etiam
528 1599 633 1639 fusca·,
660 1600 801 1634 tarsalzts
830 1600 897 1634 sere
923 1605 991 1634 tota
1019 1605 1173 1640 testacea,
1200 1600 1271 1634 basi
1299 1605 1437 1646 anguste
1462 1599 1561 1634 fusca.
1615 1596 1755 1632 Pedes

159 1658 261 1694 dense
287 1665 451 1694 testaceo·
479 1665 511 1694 et
534 1659 805 1706 nigro-annulati:
833 1672 938 1693 coxae
960 1659 1076 1694 subtus
1106 1664 1193 1692 totae
1219 1657 1756 1703 rufescenti-testaceae,femora

159 1724 316 1759 testacea,
341 1719 435 1766 apice
463 1724 495 1753 et
522 1718 591 1753 basi
618 1719 724 1765 nigra,
756 1718 948 1766 annulisque
989 1717 1120 1753 duobus
1145 1719 1262 1765 nigris,
1291 1717 1445 1766 patellae
1473 1723 1654 1758 testaceae,
1686 1727 1755 1749 me—

160 1777 214 1812 dio
240 1777 302 1812 late
329 1783 361 1812 et
388 1777 458 1812 basi
488 1783 626 1825 anguste
663 1778 790 1825 nigrae3
822 1776 923 1812 tibiae
951 1778 1062 1824 nigrae
1097 1776 1274 1818 dicendae,
1308 1777 1425 1811 annulo
1455 1776 1564 1811 medio
1594 1781 1627 1810 et
1653 1775 1755 1809 altero

163 1849 250 1884 pone
276 1837 402 1884 apicem
427 1837 542 1883 nigris,
567 1842 747 1871 metatam·
779 1837 931 1877 testacei,
956 1837 1043 1877 basi,
1067 1837 1161 1884 apice
1190 1843 1222 1871 et
1247 1836 1364 1871 annulo
1392 1835 1499 1870 medio
1527 1834 1643 1882 nigris,
1669 1837 1757 1868 tarsi

160 1895 256 1937 fusci,
280 1896 349 1930 basi
378 1896 527 1936 testacei,
558 1909 673 1931 omnes
699 1897 771 1944 pilis
812 1896 890 1930 setis
916 1902 948 1930 et
975 1896 1096 1930 aculeis
1123 1896 1223 1943 nigris
1251 1896 1436 1930 instructae.
1489 1893 1608 1929 Partes
1634 1891 1756 1940 pedum

160 1960 323 1990 testaceae
359 1961 530 2002 praeterea
558 1955 631 2003 pilis
668 1955 843 1996 brevibus,
877 1954 1146 1990 albido-cinereis
1181 1955 1284 2002 magis
1313 1955 1461 1989 minusve
1489 1953 1592 1988 dense
1619 1952 1756 1986 vestitae

159 2019 247 2054 sunt,
272 2015 463 2061 praesertim
487 2003 603 2062 supra,
631 2021 663 2048 ut
690 2015 840 2050 cinereae
866 2016 992 2063 potius,
1021 2027 1117 2062 quam
1145 2020 1310 2048 testaceae
1342 2027 1416 2048 esse
1445 2012 1622 2048 videantur.
1676 2009 1756 2044 Ab·

161 2073 303 2108 domen
332 2073 372 2107 ad
400 2074 570 2108 maximam
597 2079 722 2122 partem
758 2075 940 2116 cinereum,
970 2075 1096 2121 pictura
1124 2087 1222 2121 supra
1248 2079 1297 2108 sat
1328 2072 1465 2107 difficilis
1494 2071 1535 2106 ad
1563 2071 1756 2105 describen-

159 2131 251 2174 dum,
288 2145 400 2180 parum
436 2133 497 2168 sibi
534 2138 698 2168 constans.
752 2131 902 2168 Dorsum
937 2133 1249 2173 albido-cinereum,
1285 2132 1361 2166 vitta
1398 2132 1547 2178 utrinque
1575 2130 1652 2164 satis
1679 2129 1758 2169 lata,

161 2204 222 2239 per
248 2196 346 2226 totam
374 2191 607 2238 longitudinem
635 2191 750 2233 ducta,
783 2193 890 2240 nigra,
920 2193 1005 2227 serie
1033 2197 1228 2239 punctorum
1256 2190 1464 2224 albicantium
1486 2189 1516 2223 in
1550 2188 1649 2223 latere
1676 2187 1757 2222 infe-

161 2252 246 2286 riore
273 2264 387 2285 versus
422 2264 515 2286 anum
551 2251 713 2293 distincta,
754 2253 893 2300 spatium
928 2252 1133 2297 interjectum
1167 2249 1462 2284 albido-cinereum
1497 2249 1602 2283 antice
1632 2247 1757 2282 macula

165 2310 265 2351 ovali,
292 2310 568 2352 sub-lanceolata,
603 2311 787 2353 concolori,
815 2312 946 2359 nigrore
973 2310 1103 2344 delinita
1128 2309 1322 2356 plerumque
1351 2314 1513 2349 notatum,
1544 2320 1632 2355 pone
1661 2319 1758 2354 quam

161 2370 191 2403 in
218 2369 361 2403 maculas
389 2375 606 2412 transversas,
644 2371 893 2418 sub-angulatas
927 2369 1087 2405 divulsum
1115 2368 1276 2403 interdum
1312 2373 1377 2408 est;
1418 2366 1501 2402 haec
1524 2368 1650 2414 pictura
1678 2378 1757 2400 vero

162 2441 227 2462 non
258 2441 331 2462 raro
359 2428 453 2463 valde
487 2435 538 2463 est
563 2429 750 2471 obliterata,
788 2430 980 2478 praesertim
1013 2430 1043 2463 in
1078 2427 1238 2475 exemplis
1275 2426 1497 2468 sub-detritis,
1535 2426 1590 2461 ubi
1616 2424 1758 2460 medium

165 2486 298 2521 dorsum
326 2486 508 2521 abdominis
534 2501 595 2535 per
626 2494 725 2522 totam
753 2488 821 2524 fere
851 2488 1085 2536 longitudinem
1112 2487 1199 2522 nullo
1230 2499 1336 2534 paene
1363 2486 1476 2521 ordine
1503 2484 1759 2532 nigro-macula-

167 2552 232 2580 tum
247 2551 279 2580 et
295 2546 510 2593 —variegatum
525 2552 583 2581 est.
616 2545 737 2582 Latera
756 2547 905 2582 inferiora
923 2547 1107 2583 abdominis
1123 2547 1231 2594 nigro·
1255 2551 1288 2580 et
1305 2545 1630 2592 cinereo-variegata.
1676 2544 1758 2579 Ven-

166 2610 217 2636 ter
242 2604 389 2638 ciuereus
415 2604 468 2639 vel
493 2606 746 2641 sub-testaceus.
796 2605 963 2654 Epigyne
987 2605 1335 2641 rusescenti-testacea.
1386 2604 1564 2640 Mamillae
1586 2603 1706 2638 fuscae.
