2435 3188
687 283 778 326 300

636 392 810 428 Fumaria
833 390 1067 425 alexandrina
1090 384 1307 434 Ehrenberg
1332 398 1375 420 ea*
1401 388 1473 431 ejus
1498 382 1588 418 herb.

639 472 813 508 Fumaria
839 470 986 505 Iudaica
1011 467 1125 504 Boiss.
1153 467 1287 513 Diagn.
1315 466 1368 514 pl.
1404 470 1521 500 orient.
1554 468 1633 499 1848
1648 463 1748 509 fase.
1787 461 1878 497 VIII
1896 475 1936 510 p.
1966 464 2004 497 15
2029 476 2070 496 ex
2093 461 2235 510 exempl.

712 536 748 565 in
777 528 867 564 herb.
896 528 998 564 Fries
1024 536 1059 563 et
1083 526 1225 561 Sonder.

636 626 730 662 Imm.
760 622 878 660 Nostr.
905 620 994 657 Tab.
1019 620 1063 655 V.

638 715 789 752 Habitat
812 714 848 751 in
874 714 1048 763 Aegypto
1076 721 1192 759 prope
1211 707 1472 745 Alexandriam
1500 707 1660 759 (Ehrbg.
1677 708 1697 743 l.
1713 706 1774 758 c.),
1801 706 1837 742 in
1863 706 2060 743 Palaestina
2076 706 2241 758 (Boiss.)

714 778 749 810 et
772 774 808 809 in
832 772 939 822 Syria
966 771 1012 807 ad
1037 771 1175 818 Bayrut
1200 767 1360 819 (Elarbg.
1391 773 1427 803 in
1457 767 1547 803 herb.
1577 769 1672 802 Max.
1697 765 1887 817 Ber-olim).

791 873 913 907 Radix
944 883 1058 906 annua.
1115 867 1236 904 Caulis
1262 873 1392 903 erectus
1417 868 1469 903 vel
1496 867 1723 915 procumbens
1749 872 1782 901 et
1810 865 1961 908 diffusus,
1993 878 2108 913 parum
2136 877 2243 900 ramo-

642 946 709 974 sus,
737 931 919 979 angulatus.
971 929 1074 965 Folia
1101 927 1357 975 glaucescentia,
1385 940 1425 962 ex
1453 926 1585 974 petiolis
1613 926 1750 973 trigonis
1781 937 1924 972 superne
1961 923 2245 959 subcanaliculatis

641 992 906 1040 bipinnatisecta‚
941 989 1063 1023 laciniis
1091 986 1212 1034 planiS,
1244 986 1399 1034 oblongis
1426 986 1479 1020 vel
1507 986 1630 1026 ovatis‚
1664 984 1792 1019 obtusis
1815 997 1889 1019 cum
1915 995 2088 1023 mucrone,
2131 981 2245 1029 petioli

641 1050 825 1086 secundarii
853 1060 954 1095 saepe
993 1045 1340 1082 cirrhoso-convoluti.
1404 1044 1548 1079 Racemz'
1584 1042 1814 1091 oppositisolii,
1841 1043 1988 1078 breviter
2023 1040 2245 1089 pedunculati‚

641 1109 823 1159 paucifiori,
850 1106 1005 1142 fructiferi
1033 1105 1111 1146 laxi3
1137 1104 1291 1152 pedicelli
1319 1103 1473 1138 fructiferi
1498 1108 1783 1149 erecto-patentes
1809 1102 1862 1136 vel
1879 1106 2029 1149 patentes
2052 1100 2247 1147 (numquam

642 1169 799 1216 recurvi).
854 1166 1026 1200 Bracteae
1052 1164 1368 1204 albo—virescentes,
1397 1163 1580 1209 oblongae,
1607 1161 1826 1201 acuminatae,
1864 1160 2035 1208 pedicellis
2075 1158 2248 1193 fructiferis

643 1229 712 1264 fere
740 1226 842 1274 duplo
871 1225 1052 1260 breviores.
1108 1222 1229 1257 Flores
1257 1221 1443 1257 mediocres
1471 1220 1688 1271 (cmmarz'ae
1713 1219 1904 1267 qsf'ficinalis
1930 1218 2040 1266 paullo
2073 1219 2248 1264 majores),

645 1288 719 1329 albi,
746 1287 840 1334 apice
868 1282 1110 1331 atropurpurei.
1166 1282 1295 1330 Sepala
1324 1280 1441 1322 athida,
1466 1293 1569 1314 nervo
1591 1278 1683 1313 viridi
1712 1279 1878 1320 instructa,
1902 1291 2013 1325 parva,
2043 1282 2149 1318 ovata,
2171 1289 2248 1311 acu-

646 1348 773 1386 minata,
800 1344 871 1380 basi
899 1342 1041 1384 dentata,
1069 1342 1165 1388 apice
1193 1341 1393 1387 subintegra‚
1420 1345 1534 1386 quarta
1561 1345 1655 1386 parte
1684 1338 1828 1372 corollae
1854 1337 1963 1384 paullo
1991 1336 2140 1383 longiora
2160 1337 2249 1382 ejus-

648 1419 712 1454 que
739 1404 820 1439 tubo
847 1402 948 1436 multo
976 1401 1164 1449 angustiora
1199 1399 1380 1447 (pedicello
1414 1398 1481 1433 fere
1516 1398 1730 1445 angustiora).
1790 1396 1952 1431 Petalum
1986 1400 2144 1443 superius
2173 1408 2248 1430 cum

641 1464 766 1500 calcari
792 1462 859 1497 fere
887 1459 1062 1495 orbiculari
1089 1459 1217 1500 album,
1250 1459 1345 1506 apice
1374 1458 1529 1492 obtusum
1556 1462 1589 1491 et
1617 1469 1761 1504 superne
1788 1456 1891 1503 gibbo
1923 1454 2016 1490 viridi
2042 1455 2252 1496 instructum,

649 1524 704 1572 qui
735 1520 935 1568 marginibus
964 1519 1044 1560 latis,
1069 1517 1353 1566 patenti-reflexis,
1381 1529 1543 1551 summum
1559 1516 1688 1563 apicem
1714 1515 1956 1562 attingentibus,
1984 1514 2075 1554 albis,
2103 1513 2251 1560 cingitur.

648 1582 812 1618 Petalam
841 1579 992 1626 inferius
1021 1577 1152 1618 lineare,
1180 1578 1369 1618 carinatum,
1396 1576 1515 1617 album,
1542 1576 1637 1623 apice
1659 1573 1921 1609 obtusiusculum
1952 1580 1985 1607 et
2011 1572 2134 1607 inferne
2148 1571 2252 1619 gibbo

649 1641 743 1677 viridi
769 1641 979 1678 instructum,
1007 1649 1105 1684 quem
1139 1637 1273 1683 cingunt
1312 1636 1478 1683 margines
1506 1635 1575 1675 lati,
1615 1639 1783 1681 patentes,
1810 1645 1972 1667 summum
2016 1632 2143 1678 apicem
2184 1630 2253 1665 fere

650 1701 858 1747 attingentes.
915 1695 1037 1731 Petala
1063 1700 1228 1730 interiora
1256 1695 1563 1735 albo-virescentia‚
1597 1694 1692 1740 apice
1726 1698 1982 1739 atro—purpurea
2010 1696 2043 1725 et
2078 1688 2254 1737 longitudi-

650 1760 765 1795 naliter
793 1756 987 1804 tri-plicata,
1014 1768 1030 1788 a
1059 1754 1168 1789 medio
1207 1753 1247 1788 ad
1285 1755 1414 1801 apicem
1455 1766 1584 1788 sursum
1613 1757 1763 1791 curvata,
1801 1751 1918 1799 petalis
1944 1750 2062 1784 ceteris
2089 1749 2252 1784 breviora.

651 1819 806 1854 Fructus
834 1813 1075 1854 subrotundus,
1101 1813 1410 1848 truncato-obtusus
1431 1825 1505 1847 cum
1532 1810 1739 1851 mucronulo,
1765 1808 2101 1857 compressiusculus‚
2129 1809 2254 1842 carina—

650 1885 720 1919 tus,
748 1874 1134 1919 tuberculato-rugosus,
1174 1873 1268 1919 apice
1298 1871 1517 1905 bifoveolatus
1561 1869 1729 1916 (foveolae
1757 1868 1954 1916 plerumque
1992 1868 2254 1915 nigrescentes),

651 1937 723 1972 basi
748 1933 913 1984 pedicello
940 1933 1121 1966 incrassato
1149 1931 1327 1978 angustior.

801 2022 882 2057 Icon
907 2028 941 2056 et
965 2020 1147 2067 descriptio
1174 2033 1216 2052 ex
1241 2015 1493 2066 exemplaribus
1521 2021 1612 2057 vivis,
1640 2021 1675 2051 in
1703 2015 1790 2051 hort.
1816 2013 1880 2050 bnt.
1908 2014 2085 2048 Lzmdensz·
2113 2012 2223 2049 cultis.

801 2116 888 2152 Obs.
913 2114 938 2150 I.
994 2113 1170 2163 Speciem,
1197 2126 1294 2161 quam
1324 2126 1421 2160 supra
1451 2112 1624 2160 descripsi,
1649 2126 1725 2147 esse
1753 2124 1865 2147 veram
1882 2109 2092 2144 Fumarium
2111 2108 2255 2143 alexan-

654 2179 791 2213 drinam
816 2174 1036 2221 Ehrenberg‚
1064 2173 1253 2221 quicunque
1289 2171 1405 2207 viderit
1431 2171 1618 2206 herbarium
1646 2170 1884 2217 Ehrenbergii,
1911 2170 1941 2203 in
1969 2167 2114 2202 Musaeo
2144 2165 2255 2201 Bero-

653 2236 768 2272 linensi
797 2240 1011 2275 asservatum,
1037 2231 1252 2267 confirmabit.
1316 2229 1468 2265 Eandem
1507 2243 1583 2265 esse
1623 2230 1769 2278 speciem
1816 2242 1854 2263 ac
1891 2227 2098 2262 Fumarium
2135 2226 2255 2261 Iudai-

654 2309 729 2331 cam
756 2293 929 2333 Boissieri‚
955 2292 1099 2339 probant
1123 2290 1322 2337 exemplaria
1344 2289 1536 2324 Fumariae
1559 2289 1725 2323 Iudaicae
1751 2301 1768 2321 a
1795 2286 1969 2322 Boissiero
2000 2285 2089 2326 data,
2114 2298 2199 2333 quae
2224 2287 2255 2321 in

653 2354 745 2389 herb.
770 2352 867 2387 Fries
894 2357 926 2386 et
953 2349 1090 2385 Sonder
1115 2357 1334 2384 asservantur.

807 2449 893 2485 Obs.
926 2450 967 2485 II.
1018 2449 1056 2484 In
1085 2449 1245 2484 herbariis
1264 2461 1367 2495 saepe
1395 2446 1593 2493 exemplaria
1621 2444 1813 2479 Fumariae
1839 2445 2057 2493 capreolatae
2081 2450 2258 2480 occurrunt

656 2510 787 2544 nomine
816 2509 1008 2544 Fumariae
1031 2507 1279 2542 alexandrinae
1305 2507 1477 2552 inscripta,
1506 2507 1600 2551 cujus
1627 2505 1673 2538 rei
1701 2516 1816 2538 caussa
1847 2503 1878 2537 in
1907 2516 1947 2538 eo
1977 2504 2164 2551 quaerenda
2192 2510 2257 2546 est,

657 2568 748 2616 quod
784 2569 890 2614 major
925 2568 975 2601 vis
1017 2566 1150 2601 maculis
1175 2565 1274 2612 nigris
1306 2564 1478 2604 fructuum,
1517 2575 1614 2610 quam
1642 2575 1701 2609 pai·
1728 2569 1793 2602 est,
1820 2562 1938 2597 tributa
1967 2568 2032 2604 est,
2061 2576 2145 2610 quae
2179 2569 2254 2598 nota

659 2627 788 2668 fortuita
816 2626 944 2667 videtur
970 2637 1080 2672 neque
1108 2624 1234 2672 speciei
1262 2621 1433 2669 cujusdam
1459 2621 1630 2657 character
1657 2620 1854 2663 essentialis,
1897 2621 1955 2656 sed
1998 2622 2027 2656 in
2061 2634 2258 2670 quacunque
