2435 3188
664 249 749 291 150

705 356 764 405 sp.
793 356 902 392 2015.
955 355 1022 391 Ar.
1052 353 1413 390 HOLOSERICEA.
1440 366 1474 403 p.
1499 353 1583 389 490.
1612 375 1657 380 -
1683 356 1712 388 s,
1738 356 1772 388 Ν.
1800 354 1852 387 Ed.
1880 353 1928 387 ⁴0.
1951 365 1978 398 ρ.
2002 354 2070 386 622.
2096 364 2138 398 sp.
2165 353 2218 393 Q

955 417 1006 449 Ed.
1033 417 1082 449 42.
1109 429 1135 461 p.
1162 417 1252 449 4034.
1280 428 1322 460 sp.
1347 417 1395 449 99.

686 496 749 528 Syn.
775 495 927 522 Araneus
950 492 1146 531 pallidulus
1168 493 1260 520 Clerck.
1284 493 1367 520 Aran.
1391 493 1466 519 Suec.
1490 501 1514 528 p.
1539 493 1585 519 81.
1607 489 1642 527 pl.
1667 493 1692 518 2.
1714 489 1769 518 tab.
1795 493 1820 517 9.

834 549 901 580 Cet.
926 548 988 580 vid.
1014 559 1042 590 p.
1068 548 1116 578 97.

1072 607 1293 657 [CLUBIONA
1321 604 1544 654 pallidula
1573 603 1758 653 (cler-cky]

758 719 802 755 Ut
834 719 909 764 jam
945 715 1021 751 dixi
1064 718 1112 764 (p.
1153 716 1215 761 97)
1249 714 1341 750 hanc
1375 725 1543 749 araneam
1580 727 1645 748 non
1680 711 1775 749 Club.
1810 712 2029 748 holosericeae
2053 711 2217 747 Walck.

605 777 868 827 subjiciendam
896 787 978 810 esse
1006 786 1157 815 oensem
1183 773 1249 809 sed
1281 773 1329 809 Cl.
1351 773 1546 822 palliclalae
1573 771 1780 820 (Clerck.)
1804 770 1880 806 sive
1910 771 1959 807 Cl.
1993 771 2222 806 amaranthae

605 837 770 874 Walck.
822 834 863 870 Id
902 845 976 869 non
1013 831 1061 867 ob
1098 844 1177 867 eam
1211 836 1345 867 tantum
1387 843 1532 866 causam
1569 842 1782 879 persuasum
1825 828 1910 865 mihi
1947 828 2082 870 habeo,
2122 828 2221 877 quod

607 895 829 946 frequentior
871 893 919 930 Cl.
946 892 1125 941 pallidula
1153 891 1188 926 in
1217 890 1283 926 hac
1321 890 1445 926 saltem
1481 889 1666 939 provincia
1699 893 1767 931 est,
1803 901 1909 938 quam
1944 888 1993 925 Cl.
2021 888 2221 923 holosericea

606 955 781 996 Walek„
806 964 930 988 verum
954 950 1059 986 etiam
1080 950 1162 999 quia
1189 950 1398 991 ΙΛΝΝΑΕυε,
1420 951 1483 985 Ar.
1502 950 1738 985 holosericeam
1766 961 1846 984 curn
1863 948 1927 983 Ar.
1943 953 2107 996 aquatica
2122 959 2221 982 com-

609 1027 752 1064 parans,
779 1012 868 1048 haec
898 1010 1000 1046 dicit:
1033 1009 1101 1045 «A.
1132 1009 1317 1058 aquaticae
1343 1008 1536 1050 simillima,
1563 1008 1629 1044 sed
1657 1007 1805 1043 dimidio
1830 1007 1948 1043 minor
1974 1009 2009 1042 et
2028 1005 2219 1047 terrestris,

609 1077 767 1122 longeque
794 1076 918 1107 minori
939 1070 1120 1117 forficula
1148 1075 1251 1104 oris.»
1305 1067 1342 1103 Si
1371 1067 1449 1117 quis
1476 1072 1595 1103 autem
1622 1067 1667 1103 A.
1697 1065 1882 1115 aquaticae
1913 1066 1962 1103 Cl.
1988 1065 2222 1100 holosericeam

608 1132 774 1169 Walck.
803 1128 1013 1169 contulerit,
1054 1128 1169 1163 statim
1209 1127 1359 1169 videbit,
1389 1139 1456 1175 pro
1484 1125 1720 1176 magnitudini
1746 1124 1871 1161 saltem
1898 1126 2061 1173 corporis
2086 1123 2222 1160 mandi-

611 1192 712 1229 bulas
745 1192 824 1238 ejus
850 1203 915 1224 raon
938 1187 1097 1223 minores
1121 1199 1218 1228 esse,
1246 1199 1352 1235 quani
1376 1186 1418 1221 A.
1445 1193 1635 1234 aquaticae.
1676 1186 1725 1221 At
1750 1184 1786 1220 in
1815 1184 1864 1221 Cl.
1886 1184 2098 1233 pallidulum
2111 1182 2223 1219 verba

610 1252 768 1287 meffl
797 1247 924 1284 melius
956 1246 1103 1284 cadunt:
1130 1245 1187 1281 cui
1214 1245 1320 1294 igitur
1346 1246 1410 1280 Ar.
1436 1246 1671 1281 holosericeam
1696 1244 1814 1280 Linn.
1843 1242 2065 1292 subjungere
2091 1242 2222 1278 rectius

609 1317 707 1347 certe
731 1313 792 1345 est.
822 1329 868 1334 —
896 1305 991 1341 Vide
1018 1309 1207 1354 praeterea
1235 1317 1328 1353 quae
1356 1303 1401 1340 de
1429 1303 1482 1340 his
1507 1303 1631 1340 formis
1658 1317 1691 1353 p.
1719 1304 1767 1340 97
1792 1317 1875 1353 seqq.
1899 1301 2065 1338 diximus.

709 1462 768 1510 Sp.
795 1459 905 1496 2016.
959 1459 1028 1495 Ar.
1057 1456 1400 1493 SENOCULATA.
1435 1469 1468 1505 p.
1496 1457 1580 1492 490.
1616 1478 1661 1484 -
1700 1460 1729 1492 S.
1755 1460 1791 1492 N.
1816 1458 1867 1491 Ed.
1894 1458 1933 1491 40
1962 1469 1989 1502 p.
2015 1457 2083 1490 6292.
2108 1467 2150 1501 Sp.
2176 1457 2226 1496 Q53

964 1520 1015 1553 Ed.
1041 1520 1087 1552 42.
1115 1531 1140 1563 p.
1165 1519 1253 1552 4034.
1278 1530 1320 1562 sp.
1346 1519 1394 1551 30.

691 1611 751 1643 Syn.
776 1609 909 1636 Aranea
933 1605 1135 1633 senon-alata
1159 1605 1195 1631 De
1217 1605 1281 1631 Geer
1304 1604 1388 1631 Mem.
1415 1603 1477 1631 VII.
1501 1614 1525 1641 p.
1553 1607 1617 1632 258.
1640 1604 1676 1642 pl.
1703 1607 1746 1632 15.
1769 1604 1834 1641 figg.
1859 1606 1966 1631 5—10.

772 1656 950 1693 Segestria
1036 1666 1048 1678 ι(
1157 1654 1238 1681 Suml.
1263 1655 1322 1681 Act.
1347 1653 1439 1680 Holm,
1469 1657 1550 1681 1831.
1575 1663 1599 1690 p.
1627 1657 1690 1681 145.

1161 1705 1244 1730 Halm.
1268 1704 1318 1731 Die
1341 1703 1449 1730 ΑΗΚ-11η
1483 1703 1502 1730 Ι.
1528 1713 1552 1739 p.
1577 1706 1602 1730 6.
1626 1704 1668 1739 fig.
1692 1707 1717 1731 2.

1161 1755 1238 1780 Koch.
1302 1753 1366 1780 ibid.
1433 1752 1463 1779 V.
1488 1762 1510 1789 p.
1536 1756 1580 1781 75.
1604 1754 1648 1789 fig.
1675 1757 1740 1781 388.

1168 1805 1261 1829 Ιῐ’(ι1ν1.’.
1286 1802 1339 1829 Ins.
1363 1803 1427 1839 Apt..
1452 1802 1471 1829 I.
1496 1812 1519 1839 p.
1545 1806 1609 1830 208.

1168 1854 1257 1878 [l'eslr.
1282 1853 1342 1879 Act.
1366 1851 1485 1879 Gothob.
1516 1855 1597 1880 1851.
1621 1862 1645 1888 p.
1670 1856 1716 1879 45.

1041 1907 1277 1958 [SEGESTRIA
1305 1919 1321 1942 s
1332 1919 1414 1943 eno
1424 1919 1443 1941 c
1452 1919 1473 1942 u
1484 1906 1523 1942 la
1532 1911 1543 1942 t
1552 1919 1573 1942 a
1607 1906 1786 1957 (Linn)]

711 2064 772 2111 Sp.
798 2061 907 2098 2017.
963 2061 1030 2097 Ar.
1068 2059 1273 2096 SCENICA
1302 2071 1334 2108 p.
1365 2059 1448 2094 490.
1488 2080 1536 2086 -
1573 2061 1602 2093 S.
1630 2061 1663 2093 N.
1692 2061 1743 2094 Ed.
1773 2062 1820 2094 l10.
1855 2074 1881 2106 p.
1914 2062 1982 2094 6Q3.
2017 2072 2059 2106 sp.
2086 2064 2140 2101 Q9;
2173 2063 2223 2096 Ed.

964 2123 1012 2155 w.
1038 2135 1063 2167 p.
1090 2123 1178 2155 4035.
1204 2134 1247 2166 sp.
1273 2123 1320 2154 36.

692 2210 754 2244 Syn.
778 2210 935 2237 Araneus
959 2208 1116 2236 scenicus
1139 2208 1231 2234 ster-cis.
1257 2208 1339 2234 Aran.
1361 2206 1438 2233 Sus-e.
1460 2215 1483 2243 p.
1512 2208 1574 2233 117.
1598 2205 1633 2243 pl.
1659 2210 1682 2233 5.
1706 2205 1759 2233 tab.
1787 2208 1829 2233 13.

840 2265 906 2296 Cet.
931 2264 994 2295 vid.
1020 2275 1048 2305 p.
1077 2263 1143 2294 128.

890 2326 895 2333 *
1057 2322 1352 2371 [CALLIETHERA
1379 2319 1562 2356 scenica
1591 2319 1776 2371 (Clerck.)]

761 2432 903 2477 Quibus
940 2430 1136 2467 rationibus
1173 2430 1350 2466 adductus
1382 2441 1515 2465 nomen
1541 2430 1588 2465 A.
1616 2435 1739 2465 scenici
1766 2429 1938 2467 Clerck.
1997 2430 2220 2468 Callietherae

611 2498 760 2528 scenicae
787 2489 924 2527 Koch.
951 2489 1168 2525 servandum
1198 2502 1279 2525 esse
1311 2488 1446 2537 putavi,
1474 2487 1602 2523 iisdem
1630 2488 1707 2525 fere
1730 2491 1799 2526 Ar.
1831 2495 1998 2526 scenicam
2024 2489 2144 2525 Linn.
2175 2488 2221 2524 ad

612 2550 766 2586 eandem
789 2549 927 2585 referre
952 2548 1126 2597 optimum
1153 2546 1238 2583 mihi
1263 2547 1413 2583 videtur.
1465 2547 1504 2583 In
1535 2559 1616 2583 eam
1644 2560 1716 2584 non
1739 2548 1852 2597 magis
1881 2548 2024 2598 quidem
2052 2560 2158 2597 quarn
2184 2547 2220 2584 in

615 2609 653 2647 C.
671 2609 907 2646 histrionicam
934 2605 1073 2643 Koch.
1102 2606 1270 2643 convenit
1291 2605 1481 2655 descriptio
1501 2605 1712 2643 brevissima
1729 2607 1908 2650 Lmnmm
1934 2619 2043 2657 quum
2060 2619 2148 2643 vero
2163 2605 2218 2642 illa
