2435 3188
1632 279 1712 321 265

166 382 252 417 beria
282 386 314 416 et
339 378 500 427 Hispania
528 379 731 415 meridionali
758 387 935 416 occurrunt
962 381 1138 416 anaria
1169 381 1364 429 corymbosa
1399 389 1430 418 et
1464 384 1637 419 Fumaria
1667 401 1766 434 rupe-

164 446 265 480 mis,-
293 438 476 486 Hispaniae
504 440 660 486 propriae
691 445 765 474 sunt
792 440 966 475 Fumaria
994 441 1245 488 macrosepala,
1274 446 1419 489 sepium,
1452 444 1645 491 apiculam,
1677 445 1766 480 Reu-

164 504 227 535 terz'
252 504 283 534 et
305 498 450 545 aff-finis:
478 496 672 546 Hispaniae,
700 498 827 539 Italiae,
858 498 1026 533 meridiem
1056 511 1152 546 quam
1181 501 1321 535 maxime
1349 513 1465 535 versus
1494 503 1592 542 sitae,
1618 516 1765 538 commu-

162 559 210 593 nis
235 563 284 593 est
309 556 699 603 Fumariaflabellata:
728 557 840 593 Italiae
865 558 1001 604 propria
1025 571 1101 593 esse
1129 558 1259 593 videtur
1281 559 1455 594 anaria
1488 561 1644 595 Gussom‘.

310 629 453 666 Ceterae
482 633 615 679 species
645 645 706 679 per
736 637 836 665 totam
866 629 973 666 Maris
1008 631 1236 667 mediterranei
1270 635 1440 681 regionem
1473 634 1645 682 dispersae
1675 642 1765 676 sunt,

162 689 244 725 unde
272 690 301 724 in
330 703 445 725 omnes
487 691 554 725 l'ere
594 696 705 738 partes
734 691 824 725 orbis
853 696 1029 732 terrarum,
1062 691 1150 726 velut
1186 693 1216 726 in
1252 691 1393 734 Indiam,
1422 692 1580 735 Cliinam,
1613 692 1766 728 Sibiriam

160 748 258 795 (duae
282 750 430 796 species)
462 755 494 784 et
521 750 550 784 in
579 749 646 784 fere
680 755 779 783 totam
818 748 1009 797 Europam,
1049 751 1079 784 in
1117 749 1201 798 Cap.
1229 751 1338 787 bonae
1381 753 1470 799 spei,
1510 753 1539 787 in
1577 752 1765 787 Americam

160 810 294 853 (tantum
310 814 376 843 tres
393 809 525 856 species
543 808 594 843 liic
610 814 700 843 certe
731 815 924 843 occurrunt:
956 809 1130 844 Fumaria
1157 810 1358 857 ffficinalis,
1383 813 1584 859 pctrz'g'flora
1604 818 1637 846 et
1658 813 1765 846 media

161 873 270 915 quarta
297 866 338 901 F.
366 872 516 912 agraria
548 873 668 902 tantum
695 869 724 901 in
751 881 789 902 ea
817 874 921 915 parte,
949 882 1033 916 quae
1062 869 1231 904 meridiem
1260 883 1377 904 versus
1401 871 1459 904 sita
1488 873 1554 916 est)
1579 872 1766 918 migrarunt.

160 924 427 973 Septentrionem
467 940 584 961 versus
628 928 750 961 sensim
791 940 882 962 rarae
919 927 1006 961 liunt.
1074 927 1110 962 In
1148 927 1328 963 Germania
1365 935 1396 964 et
1426 928 1595 970 Helvetia,
1632 936 1766 965 auctore

160 984 276 1025 Koch,
303 990 379 1019 octo
410 986 542 1032 species
570 992 761 1027 occurrunt3
800 987 830 1020 in
862 985 1048 1028 Britannia,
1083 993 1217 1022 auctore
1245 986 1490 1035 Babingtonio,
1516 990 1660 1036 quinque
1689 1003 1765 1037 spe-

160 1045 241 1085 cies,
267 1044 298 1077 in
324 1049 388 1077 tota
419 1043 559 1085 Bossia,
588 1051 723 1079 auctore
762 1043 996 1086 Ledebourio,
1038 1046 1264 1081 tantummodo
1301 1048 1446 1095 quinque
1483 1049 1615 1095 species
1649 1062 1766 1083 occur-

159 1108 245 1143 runt,
273 1116 409 1150 quarum
438 1104 522 1139 duae
550 1105 579 1138 in
609 1104 646 1138 iis
676 1105 841 1151 partibus,
881 1117 965 1151 quae
1000 1105 1169 1140 meridiem
1213 1119 1311 1153 quam
1355 1107 1493 1141 maxime
1528 1120 1644 1142 versus
1685 1109 1765 1142 sitae

159 1168 247 1204 sunt,
273 1163 493 1202 iuveniuntur3
521 1162 551 1196 in
581 1160 799 1197 Scandinavia
815 1164 837 1197 5
857 1164 989 1210 species
1004 1166 1111 1209 (sexta
1127 1165 1331 1213 sporadica),
1360 1179 1496 1213 quarum
1525 1166 1567 1201 F.
1598 1166 1762 1213 officim&

159 1221 199 1256 lis
225 1221 414 1268 longissime
443 1222 702 1268 septentrionem
730 1235 846 1257 versus
873 1223 1094 1270 progreditur,
1121 1225 1172 1259 vel
1200 1237 1307 1272 usque
1336 1224 1377 1259 ad
1404 1225 1470 1260 67⁰
1500 1224 1572 1260 Lat.
1604 1224 1685 1260 Bor.

306 1290 360 1326 Ex
386 1295 433 1326 eis
463 1292 682 1333 sectionibus,
716 1294 747 1326 in
784 1306 865 1340 quas
893 1307 964 1328 mea
1002 1294 1134 1341 quidem
1179 1297 1338 1330 sententia
1379 1309 1485 1343 genus
1526 1302 1576 1331 est
1609 1296 1767 1334 divisum,

160 1353 260 1386 sectio
297 1351 488 1386 Ficmmv'ue
516 1356 683 1396 agrariae
710 1352 859 1398 partibus
892 1353 1098 1388 calidissimis
1131 1356 1276 1402 regionis
1303 1356 1552 1403 circumscripta
1582 1362 1648 1395 est,
1675 1362 1762 1390 cete-

159 1423 264 1445 rarum
292 1411 475 1445 sectionum
504 1411 637 1458 species
665 1411 769 1458 magis
794 1417 868 1445 sunt
895 1411 1077 1459 dispersae.

502 1598 635 1638 secl.
666 1600 709 1637 l.
769 1599 1059 1641 Fumariae
1097 1601 1411 1643 officinales.

271 1690 455 1731 Pelalum
486 1691 522 1729 el
565 1688 739 1742 inferius
784 1691 820 1728 et
862 1691 1052 1741 superias
1097 1691 1212 1742 apice
1253 1690 1414 1742 yt'bbum
1454 1691 1652 1745 formant,
1697 1694 1765 1744 qui

161 1754 410 1807 maryinibus
441 1754 554 1802 late’s,
595 1753 768 1805 patulis,
813 1766 1006 1793 summum
1037 1755 1192 1806 apicem
1223 1754 1524 1807 allinyentibzcs,
1570 1758 1764 1808 efnyiletm

161 1820 356 1859 interiora
385 1817 479 1866 lala,
507 1830 655 1869 parum
685 1820 866 1857 curvata.

303 1910 480 1946 Praeterea
518 1911 600 1946 haec
633 1912 738 1947 sectio
769 1925 784 1946 a
817 1913 938 1947 ceteris
966 1911 1175 1959 distinguitur
1206 1912 1343 1947 ssoribus
1376 1912 1574 1953 minoribus,
1608 1912 1766 1947 fructibus

161 1971 280 2018 parvis,
304 1983 418 2018 parum
450 1971 673 2012 tubermilatis,
701 1971 812 2018 petalo
838 1971 992 2005 inferiore
1020 1984 1123 2019 saepe
1151 1972 1193 2006 ab
1219 1971 1287 2006 aliis
1312 1971 1516 2018 divergente,
1544 1970 1633 2018 quod
1656 1984 1671 2005 a
1694 1972 1764 2007 basi

161 2030 272 2077 incipit
295 2035 327 2064 et
351 2029 519 2065 manifeste
544 2043 561 2064 a
593 2030 700 2064 fructu
725 2036 939 2065 accrescente
970 2030 1115 2065 eflicitur.

661 2140 697 2181 l.
758 2142 949 2181 anaria
981 2141 1187 2196 officinalis*
1218 2141 1260 2180 L.

306 2238 345 2273 F.
378 2237 551 2274 fructibus
578 2239 856 2275 subobcordatis
883 2242 1086 2274 transverse
1115 2236 1301 2273 latioribus
1328 2234 1761 2284 tuberculato-rugulosis,

161 2295 290 2343 sepalis
327 2296 439 2332 ovatis
471 2297 678 2334 acuminatis
714 2298 864 2334 dentatis
900 2296 1059 2332 corollae
1092 2295 1179 2331 tubo
1215 2294 1481 2345 angustioribus
1515 2306 1630 2343 eaque
1659 2293 1763 2342 triplo

162 2353 394 2397 brevioribus,
420 2355 573 2392 bracteis
600 2357 777 2406 pedicello
805 2355 988 2392 fructifero
1017 2358 1302 2403 erecto-patente
1327 2352 1565 2395 brevioribus,
1595 2351 1763 2389 foliorum

164 2411 296 2448 laciniis
322 2412 535 2450 lanceolatis.

165 2505 298 2539 Καπνος.
350 2500 572 2539 Dioscorides
599 2518 644 2539 ex
674 2505 848 2553 Sprengel
870 2505 961 2540 Hist.
993 2509 1042 2539 rei
1066 2503 1155 2542 herb,

170 2558 349 2593 Fumaria.
401 2560 533 2609 Tragus
557 2563 666 2612 Stirp.
689 2578 797 2609 germ.
826 2569 888 2599 ΜΟ.
944 2563 1114 2598 Fuchsius
1141 2563 1232 2598 Hert>
1258 2566 1358 2610 stirp.
1380 2575 1420 2610 p.
1447 2559 1528 2596 552.
1581 2558 1764 2594 Mathiolus

248 2615 425 2654 Commeut.
449 2625 484 2653 in
514 2621 670 2656 Dioscor.
700 2621 752 2657 lib.
782 2622 846 2657 IV.
876 2635 950 2670 cap.
972 2625 1036 2656 ΜΞ.

1541 2683 1616 2718 34η
