2435 3188
690 281 776 322 308

633 385 784 427 cierunt,
822 385 886 422 sed
929 386 1033 421 etiam
1074 386 1299 435 antiquorum
1337 390 1523 421 auctorum
1561 385 1606 420 de
1634 384 1686 420 his
1714 385 1837 433 plantis
1876 386 2128 422 sententiarum
2161 399 2224 434 pro

633 443 722 479 virili
749 443 1006 480 conferremus.
1057 445 1236 480 Primitiae
1263 444 1368 491 hujus
1396 443 1567 491 propositi
1594 449 1647 479 est
1670 442 1783 479 hocce
1812 444 2040 493 opusculum,
2069 444 2166 493 quod
2184 444 2227 479 ab

636 515 856 551 unoquoque
882 516 999 552 aequo
1027 503 1255 552 lichenologo
1283 502 1509 551 indulgenter
1536 502 1781 549 accipiendum
1813 515 1893 538 esse
1919 516 2119 552 speramus,
2147 516 2227 538 nain

635 566 670 597 et
699 562 775 610 ipsa
801 573 860 598 res
887 566 941 598 est
968 561 1186 604 difficillima,
1216 574 1326 610 quare
1355 561 1458 596 etiam
1487 561 1546 596 diu
1574 559 1838 601 haesitavimus,
1867 574 1949 597 num
1979 575 2056 597 eam
2082 561 2229 610 aggredi

635 619 930 668 periclitaremur,
966 625 1001 656 et
1027 620 1157 656 modus
1184 619 1289 668 hujus
1316 619 1367 656 rei
1394 619 1597 655 tractandae
1626 618 1720 654 haud
1748 619 1855 655 dubie
1881 620 2032 655 tironem
2070 619 2229 655 nondum

634 678 717 714 satis
742 686 921 715 versatum
946 679 1085 715 indicat.
1139 678 1266 728 Neque
1290 691 1335 714 eo
1361 678 1477 714 minus
1504 677 1574 713 hoc
1602 683 1782 714 tentamen
1808 677 1842 713 in
1870 678 1985 714 lucem
2011 678 2121 714 edere
2136 678 2229 714 haud

636 737 889 779 dubitavimus,
918 750 1000 773 nam
1028 737 1155 773 melior
1186 750 1291 786 quam
1320 736 1413 772 nulla
1438 736 1543 772 nobis
1561 737 1635 772 visa
1662 741 1716 771 est
1739 736 2010 785 monographia,
2031 750 2122 786 quae
2141 737 2230 773 vitiis

637 796 782 845 quidem
806 809 879 832 non
906 796 1052 832 omnino
1078 800 1232 837 careret,
1262 796 1328 832 sed
1354 800 1488 837 tamen,
1519 808 1611 844 quae
1631 807 1715 830 vera
1730 799 1826 835 suut,
1844 795 2009 845 religiose
2025 796 2231 844 exprimere

636 854 806 891 studeret.
851 855 911 891 Ad
943 854 1030 890 haec
1059 855 1197 890 accedit
1225 867 1388 903 quoque,
1417 854 1515 903 quod
1544 853 1810 889 adhortationes
1838 854 2072 902 complurium
2101 868 2230 903 exper-

637 913 852 950 tissimorum
880 913 986 961 hujus
1011 914 1088 949 aevi
1114 912 1423 963 lichenologorum
1451 913 1607 948 audaces
1637 925 1704 948 nos
1720 912 1894 953 feceruut,
1912 914 1994 962 quin
2013 914 2115 949 etiam
2133 914 2231 962 quod

636 972 777 1008 fortuna
817 974 909 1008 adeo
949 972 1054 1008 nobis
1084 972 1241 1014 indulsit,
1272 978 1308 1008 ut
1334 973 1509 1013 omnium,
1541 972 1570 1007 si
1597 984 1701 1007 unam
1731 971 1865 1007 duasve
1893 972 2139 1008 tantummodo
2167 985 2231 1008 ex-

636 1031 760 1080 cipias,
799 1033 833 1068 in
875 1031 943 1067 hoc
970 1031 1090 1067 libello
1119 1036 1483 1068 commemoratarum
1511 1031 1714 1079 specierum
1742 1030 2010 1079 formarumque
2038 1031 2230 1079 specimina

634 1093 819 1137 originalia
859 1090 983 1125 videre
1010 1095 1044 1125 et
1071 1090 1279 1126 examinare
1320 1103 1387 1126 nec
1413 1103 1484 1126 non
1517 1102 1642 1125 omnes
1672 1089 1702 1124 h.
1741 1089 1760 1124 l.
1791 1089 1914 1124 citatos
1954 1089 2064 1125 libros
2093 1094 2233 1137 praeter

633 1162 835 1198 perpaucos
871 1149 968 1190 illos,
997 1148 1042 1184 de
1076 1148 1205 1198 quibus
1235 1149 1303 1184 hoc
1331 1150 1514 1197 expressis
1544 1148 1662 1184 verbis
1689 1148 1922 1198 significatur.
1952 1148 2035 1197 ipsis
2072 1148 2170 1183 adire
2198 1154 2231 1182 ct

634 1208 848 1257 pervolvere
876 1207 980 1244 nobis
1007 1207 1205 1257 contigerit.

784 1308 822 1343 In
865 1307 1056 1356 speciebus
1099 1307 1378 1344 determinandis
1418 1312 1452 1343 et
1492 1307 1828 1343 circumscribendis
1869 1307 2020 1343 eandem
2061 1307 2233 1341 rationem

635 1381 779 1418 semper
802 1367 904 1416 sequi
931 1366 1048 1402 conati
1072 1379 1212 1408 sumus,
1245 1372 1351 1416 atque
1377 1367 1481 1403 etiam
1510 1379 1655 1408 cavere,
1680 1379 1725 1402 ne
1740 1366 1872 1401 formas
1887 1366 1989 1401 nimis
2009 1365 2065 1401 vel
2084 1367 2235 1413 conjun—

637 1439 806 1476 geremus
845 1425 902 1462 vel
939 1425 1202 1461 diduceremus.
1256 1425 1337 1461 Non
1365 1425 1583 1467 dubitamus,
1614 1425 1696 1474 quin
1722 1424 1794 1467 alii,
1821 1424 2078 1474 angustissimis
2105 1424 2236 1460 finibus

639 1485 780 1534 species
803 1485 950 1520 limitare
978 1489 1136 1520 amantes
1165 1497 1283 1534 neque
1312 1485 1422 1521 rebus
1452 1485 1611 1520 externis
1635 1484 1740 1520 ullam
1761 1483 1918 1520 habitum
1938 1482 2235 1532 characteresque

636 1544 833 1593 plantarum
868 1543 1025 1579 mutandi
1052 1543 1198 1591 maj0ris
1226 1544 1397 1580 momenti
1420 1544 1490 1580 vim
1519 1543 1731 1585 tribuentes,
1759 1543 1872 1579 varias
1900 1555 1919 1577 a
1942 1542 2047 1578 nobis
2084 1555 2148 1591 pro
2177 1554 2236 1577 va-

638 1603 818 1639 rietatibus
858 1603 1059 1651 propositas
1086 1601 1218 1638 formas
1246 1615 1311 1650 pro
1341 1602 1512 1638 distinctis
1545 1602 1736 1651 speciebus
1764 1601 1930 1643 habeant,
1961 1601 2033 1642 alii,
2061 1601 2236 1636 contraria

639 1661 889 1701 defendentes,
930 1661 1131 1710 specierum
1171 1674 1358 1697 numerum
1386 1661 1488 1696 nimis
1514 1675 1594 1697 esse
1623 1666 1763 1697 auctum
1790 1660 2006 1696 contendant
2039 1668 2072 1696 et
2102 1660 2236 1708 vitupe-

640 1725 729 1756 rent.
784 1721 823 1755 In
866 1720 930 1755 hac
972 1726 1088 1755 tamen
1119 1733 1173 1761 re,
1203 1726 1238 1755 ut
1265 1720 1299 1755 in
1328 1720 1444 1756 multis
1471 1720 1562 1762 aliis,
1591 1721 1719 1756 veritas
1750 1719 1854 1757 nobis
1884 1720 2023 1755 videtur
2053 1719 2087 1754 in
2116 1719 2236 1754 medio

639 1792 719 1815 esse
747 1779 968 1828 quaerenda,
997 1779 1169 1828 ideoque,
1198 1792 1269 1814 non
1297 1780 1331 1815 in
1362 1779 1472 1815 verba
1499 1780 1655 1829 magistri
1683 1779 1868 1827 cujusdam
1892 1780 2069 1825 jurantes,
2098 1783 2237 1813 nostrus

639 1838 830 1873 sententias
866 1838 1128 1886 proposuimus.
1185 1839 1287 1882 Quae
1317 1839 1345 1873 si
1375 1851 1454 1873 cum
1491 1844 1612 1875 natura
1638 1852 1710 1874 non
1740 1839 1886 1873 omnino
1915 1849 2117 1886 congruere
2147 1836 2237 1871 forte

640 1896 994 1937 demonstrabuntur,
1037 1909 1103 1931 nos
1140 1909 1226 1931 sane
1262 1910 1333 1932 non
1362 1898 1535 1938 offendet,
1559 1899 1622 1934 sed
1651 1912 1670 1933 e
1696 1897 1874 1932 contrario
1901 1902 2103 1944 pergratum
2133 1895 2237 1931 nobis

640 1956 718 1997 erit,
757 1956 786 1991 si
821 1956 931 1991 modo
963 1961 1172 2004 argumenta
1211 1961 1377 1991 accurato
1417 1957 1633 2006 sinceroque
1672 1961 1817 1992 naturae
1858 1955 1976 1991 studio
2005 1967 2122 2004 neque
2148 1967 2237 1990 vana

641 2014 810 2063 opinione
838 2014 894 2050 vel
925 2015 1131 2061 conjectura
1158 2014 1322 2049 nituntur.
1352 2037 1395 2041 ——
1421 2016 1458 2051 ln
1486 2015 1714 2052 varietatibus
1740 2014 1965 2050 admittendis
1993 2025 2155 2057 magnam
2178 2026 2237 2048 cu-

641 2086 714 2109 ram
757 2072 929 2109 adhibere
971 2073 1172 2108 studuimus
1216 2085 1333 2122 neque
1364 2074 1450 2109 ullas
1481 2075 1545 2109 uisi
1571 2075 1727 2110 maxime
1754 2074 1912 2122 insigues
1942 2072 1998 2108 vel
2024 2071 2072 2107 ob
2096 2071 2238 2120 antiqua

641 2145 848 2181 synonyma
885 2136 1083 2167 memoratu
1124 2131 1248 2181 dignas
1289 2132 1506 2181 recepimus,
1536 2146 1630 2174 nain,
1660 2135 1693 2168 ni
1720 2132 1885 2173 fallimur,
1916 2144 2063 2180 operam
2091 2131 2237 2166 omuino

642 2191 840 2239 perdimus,
870 2203 978 2240 quum
1007 2190 1243 2226 describimus
1270 2191 1496 2239 propriisque
1525 2193 1728 2227 nominibus
1758 2191 1871 2226 varias
1898 2191 2090 2226 salutamus
2105 2190 2238 2225 forinas

642 2250 849 2286 adventitias
891 2249 1109 2298 specierum,
1149 2262 1297 2298 quarum
1340 2250 1459 2298 plures
1486 2263 1631 2298 semper
1667 2251 1891 2286 invenientur
1920 2250 2057 2285 formae
2082 2248 2237 2290 inediae,

643 2321 747 2358 quain
789 2308 1010 2357 propositae,
1054 2313 1230 2357 quotquot
1265 2315 1360 2350 sunt,
1406 2309 1602 2344 varietates.
1657 2310 1700 2345 Ut
1726 2309 1936 2357 subspecies
1967 2308 2121 2357 denique.
2150 2320 2237 2343 11011-

642 2367 758 2403 nullae
797 2373 964 2415 receptae
989 2374 1071 2403 sunt
1100 2367 1254 2415 plantae,
1284 2367 1330 2402 de
1357 2367 1485 2416 quibus
1512 2366 1627 2403 adhuc
1654 2367 1750 2402 dubii
1779 2367 1983 2409 haeremus,
2015 2374 2129 2403 utrum
2157 2380 2238 2415 spc-

643 2427 716 2461 cies
743 2439 787 2461 an
815 2426 1002 2461 varietates
1029 2439 1067 2461 re
1096 2438 1179 2461 vera
1203 2426 1285 2467 siut,
1316 2438 1425 2475 quare
1454 2438 1594 2466 omnes,
1623 2426 1752 2474 quibus
1775 2426 1918 2461 occasio
1947 2432 2079 2474 pateat,
2114 2431 2148 2461 ut
2176 2425 2239 2461 has

643 2491 808 2520 accurate
837 2484 1044 2525 observent,
1076 2484 1267 2520 hortamur.

793 2581 911 2623 Quum
939 2580 1038 2627 plura
1066 2580 1210 2615 nomina
1233 2580 1367 2627 speciei
1394 2579 1533 2614 cuidam
1561 2579 1689 2614 tributa
1704 2585 1800 2620 sunt,
1821 2579 1953 2625 legem,
1975 2592 2080 2629 quam
2104 2580 2238 2622 dicunt,

644 2638 832 2687 prioritatis
871 2646 1033 2674 accurate
1072 2639 1305 2679 sei·vavi1nus;
1334 2639 1365 2673 iu
1391 2638 1568 2673 nonnullis
1592 2644 1708 2673 tamen
1734 2638 1924 2686 speciebus
1950 2639 2238 2679 denominandis.
