2435 3188
1637 256 1717 298 231

173 373 375 413 duodecim,
415 383 505 421 quae
546 373 605 406 aut
646 368 783 403 formae
821 365 967 401 aliarum
1013 375 1211 412 earumque
1245 367 1422 399 certarum
1454 362 1675 410 specierum,
1714 367 1774 398 aut

171 434 246 470 aliis
272 441 500 481 synonymae
526 427 663 476 absque
679 424 790 460 dnbio
810 428 891 460 sunt
914 423 1141 471 judicandae,
1170 426 1321 457 attamen
1343 426 1475 457 restant
1491 420 1772 470 quatuordecim,

172 504 263 542 quae
290 489 387 526 omni
404 490 486 536 jure
511 487 546 523 in
575 486 640 521 tria
665 483 811 520 dissolvi
837 482 972 519 debent
998 495 1141 531 genera.
1174 503 1219 508 —-
1247 481 1306 516 Ex
1333 480 1375 516 iis
1403 481 1547 515 demum
1568 479 1772 523 generibus,

171 562 263 600 quae
282 547 442 584 distincta
469 544 605 593 profert
629 544 815 583 STEUDEL‚
843 543 1081 590 Helm-elytron
1108 545 1143 576 et
1175 540 1387 576 Perobnclme
1420 543 1501 574 sunt
1528 550 1598 573 una
1629 538 1775 574 eadem-

172 621 242 658 que
268 606 407 655 species
431 603 577 639 indubia
601 601 843 638 Anthistiriae.
899 602 1136 650 Anclroscepia
1164 604 1282 635 tamen
1309 598 1364 634 sui
1388 597 1532 647 generis
1556 596 1682 645 planta.

318 706 566 742 Anthistzssrieae
592 703 636 740 ab
666 703 833 739 omuibus
855 703 983 738 ceteris
1012 700 1323 750 Andropogoneis
1351 699 1590 750 dignoscitur:
1630 697 1774 746 spiculis

168 765 396 803 inferioribus
424 768 591 814 quattuor
615 762 779 798 masculis
808 762 864 798 vel
893 761 1024 797 neutris
1052 766 1190 797 ceteras
1219 759 1394 795 centrales
1421 763 1455 794 ct
1480 757 1710 806 pedicellatas
1739 762 1776 792 ut

169 825 391 862 involucrum
417 823 588 859 annulare
605 821 840 871 cingentibus.
894 821 1034 869 Spin-ae,
1063 834 1083 856 e
1107 819 1251 870 spiculis
1269 822 1407 866 septem
1422 816 1654 865 velpluribus
1677 815 1775 851 hete-

167 883 322 935 rogamis
355 882 586 931 compositae,
611 881 749 927 vaginis
778 894 804 916 s.
832 880 1024 916 bracteolis
1049 879 1229 915 involutae
1257 878 1313 914 vel
1341 877 1465 913 saltem
1483 876 1689 925 (En-otham
1711 888 1776 911 ex-

169 946 285 993 cepta)
312 941 475 978 suffultae
502 945 591 979 sunt,
620 940 715 976 unde
743 939 927 988 proprium
946 953 1030 988 prae
1057 952 1097 974 se
1112 938 1229 973 serunt
1247 936 1406 973 habitum
1425 935 1547 985 quoad
1575 934 1775 984 paniculam

165 1002 232 1039 hae
266 1001 420 1050 plantae,
459 1000 504 1036 ad
542 1000 824 1049 Hyparrlsem'nm
860 1004 894 1034 ct
934 998 1227 1047 Cymhantlzeliam
1257 1009 1302 1032 eo
1340 1000 1506 1044 respectu
1548 994 1774 1030 accedentes

167 1063 269 1107 Quae
292 1061 411 1110 itaque
436 1060 594 1109 spiculae
622 1059 890 1094 involucrantcs
917 1064 952 1094 et
979 1057 1183 1093 braoteolac
1213 1061 1248 1091 ut
1277 1054 1466 1104 primariae
1488 1053 1678 1090 habendae
1696 1056 1777 1088 sunt

169 1126 295 1170 partes,
323 1132 415 1169 quae
442 1121 485 1155 ad
511 1131 645 1169 genera
676 1122 710 1153 et
736 1117 877 1165 species
906 1117 1173 1166 dignoscendas
1192 1115 1312 1151 valere
1339 1114 1481 1150 debent.

315 1222 460 1257 Genera
486 1233 506 1256 a
534 1219 640 1256 nobis
672 1218 728 1254 hic
754 1224 900 1268 recepta
927 1225 1103 1268 sequente
1132 1217 1243 1253 modo
1270 1218 1376 1267 igitur
1403 1215 1656 1264 disponuntur:

171 1275 199 1309 1.
241 1272 368 1321 Spicae
393 1271 585 1307 bracteolis
612 1270 794 1306 involutae
819 1270 877 1306 vel
899 1275 997 1306 arcte
1024 1269 1206 1305 suffultae:

241 1356 270 1380 a.
300 1342 466 1392 Spiculae
490 1341 756 1378 involucrantcs
784 1340 1018 1390 inaequaliter
1043 1339 1204 1375 sessiles:

295 1413 311 1429 *⁸
339 1411 483 1460 Spicula
506 1410 800 1460 hermaphrodita
823 1410 979 1460 singula,
1004 1423 1112 1446 masc.
1140 1409 1299 1458 pedicel-

336 1471 476 1507 lamec-2
538 1468 560 1506 “.
615 1499 622 1506 .
674 1498 680 1506 .
734 1499 741 1506 .
796 1499 804 1506 .
859 1497 867 1506 .
923 1499 929 1506 .
982 1497 989 1505 .
1044 1499 1050 1505 .
1104 1498 1110 1505 .
1166 1498 1173 1505 .
1225 1497 1232 1505 .
1287 1497 1294 1504 .
1350 1467 1565 1504 Anthistiria
1591 1464 1629 1500 L.

275 1540 306 1556 *⁴*
334 1538 427 1587 Spic.
458 1538 658 1587 hermaphr.
700 1538 806 1575 binae
844 1552 876 1575 v.
911 1539 1041 1588 plures
1072 1551 1179 1574 masc.
1208 1537 1289 1587 ped.

338 1599 360 1633 3
386 1597 443 1632 vel
466 1597 587 1645 plures
612 1626 620 1634 .
674 1626 682 1634 .
735 1626 743 1634 .
796 1627 802 1634 .
855 1627 861 1634 .
915 1627 922 1635 .
976 1627 982 1634 .
1037 1627 1045 1634 .
1100 1626 1107 1634 .
1164 1626 1171 1634 .
1227 1625 1234 1633 .
1288 1624 1296 1632 .
1351 1597 1588 1643 Amlroscepia
1615 1592 1773 1641 Brongn.

240 1671 274 1708 b.
303 1671 468 1721 Spiculae
515 1671 783 1708 involucrantes
827 1672 986 1723 longius,
1031 1671 1299 1722 subaequaliter

301 1730 533 1780 pedicellatae
613 1759 621 1767 .
674 1759 681 1767 .
735 1760 743 1767 .
798 1759 807 1769 .
861 1760 868 1768 .
924 1760 932 1768 .
987 1761 994 1768 .
1049 1761 1056 1768 .
1110 1761 1117 1768 .
1173 1760 1180 1769 .
1235 1760 1241 1767 .
1295 1759 1302 1766 .
1358 1729 1512 1765 Iseilema
1538 1740 1571 1763 n.
1599 1739 1631 1776 g.

170 1808 202 1842 2.
243 1807 369 1856 Spicae
397 1806 588 1842 bracteolis
622 1805 810 1843 destitutae
859 1835 866 1841 .
919 1833 927 1841 .
982 1834 988 1840 .
1042 1832 1049 1840 .
1102 1832 1110 1840 .
1165 1831 1172 1840 .
1228 1832 1235 1839 .
1288 1831 1294 1839 .
1350 1801 1528 1838 Eoeotleeca
1553 1812 1584 1835 n.
1610 1811 1642 1849 g.

323 1910 469 1945 Genera
496 1908 567 1944 hoc
595 1913 707 1944 modo
738 1907 909 1957 disposita
951 1906 1056 1942 nobis
1092 1906 1138 1942 ita
1172 1904 1343 1941 naturalia
1375 1903 1559 1943 videntur,
1597 1905 1635 1936 ut
1661 1899 1705 1935 ab
1733 1898 1774 1934 iis

171 1979 244 2002 non
279 1967 428 2003 multum
463 1968 713 2004 dissentiamus
752 1968 812 2016 qui
846 1973 898 2002 tot
936 1966 1077 2014 specics
1109 1970 1243 2000 tantum
1280 1967 1368 2013 quot
1403 1974 1539 2012 genera
1574 1964 1771 1996 numerant.

171 2027 395 2076 Quamquam
423 2027 516 2062 enim
544 2027 589 2062 ad
616 2029 638 2063 9
667 2026 893 2063 Anthistirias
919 2031 1023 2061 antea
1050 2025 1132 2060 satis
1161 2024 1255 2059 bene
1284 2022 1445 2071 cognitas
1470 2023 1492 2056 6
1520 2032 1632 2055 novas
1673 2030 1773 2052 asso-

170 2085 319 2127 ciamus,
358 2098 430 2121 non
457 2086 557 2122 fateri
583 2086 694 2135 pudet
721 2085 784 2121 has
811 2098 938 2121 omnes
967 2090 1037 2120 tam
1063 2097 1152 2133 vage
1179 2083 1271 2119 inter
1298 2095 1337 2117 se
1365 2080 1565 2119 confluere,
1607 2082 1643 2113 ut
1678 2075 1772 2112 notis

169 2150 301 2180 tantum
331 2144 513 2181 fallacibus
544 2145 711 2195 distingui
739 2149 774 2181 et
802 2145 921 2180 variae
950 2144 1087 2179 formae
1103 2142 1198 2178 haud
1215 2140 1358 2176 difficile
1387 2153 1407 2174 c
1433 2138 1529 2173 varia
1553 2135 1674 2172 indole
1701 2140 1772 2170 ter-

173 2215 291 2239 rarum
306 2209 404 2240 ortae
422 2203 546 2240 haberi
573 2204 725 2254 possint,
754 2217 819 2253 per
846 2216 934 2253 quas
961 2203 1129 2239 latissime
1145 2201 1306 2249 dispersa
1325 2202 1378 2234 est
1405 2197 1546 2246 species
1572 2195 1650 2236 ista,
1679 2206 1771 2243 quae

172 2264 214 2298 Α.
242 2265 360 2300 ciliata
385 2267 549 2305 vocatum
590 2263 657 2299 nisi
696 2268 768 2299 tres
795 2263 938 2312 stirpes,
969 2266 1006 2297 ut
1032 2261 1077 2297 ita
1104 2261 1281 2300 dicamus,
1307 2271 1356 2294 sc,
1381 2257 1589 2296 africanam,
1616 2253 1770 2289 indicam

175 2324 209 2356 et
231 2322 419 2358 australem
440 2335 526 2371 prae
553 2321 681 2358 ceteris
697 2322 815 2371 potius
829 2326 1005 2358 notemus.
1059 2319 1130 2365 Qui
1154 2323 1273 2355 autem
1293 2316 1434 2366 species
1456 2320 1618 2351 veterum
1644 2323 1771 2348 omnes

175 2378 325 2425 rejicere
352 2393 424 2416 non
451 2381 567 2423 audet,
597 2381 702 2417 etiam
731 2381 867 2417 formas
905 2379 1094 2416 nonnullas
1130 2376 1408 2427 praestantiores
1446 2378 1571 2423 postea
1612 2372 1771 2408 detectas

177 2436 307 2472 eodem
330 2440 411 2485 jure
438 2444 475 2475 ut
499 2440 639 2488 species
666 2445 852 2488 proponat,
880 2445 917 2475 ut
943 2439 1056 2487 magis
1082 2438 1272 2487 perspicua
1297 2436 1341 2473 sit
1357 2447 1400 2471 ea
1413 2433 1619 2470 affinitatum
1647 2430 1771 2471 series,

176 2506 246 2542 qua
270 2495 360 2531 inter
383 2510 422 2533 se
446 2503 706 2534 connectuntur
730 2497 893 2534 membra
917 2487 1019 2534 varia>
1036 2497 1180 2548 generis
1201 2493 1441 2546 polymorphi.
1470 2516 1516 2521 —-
1544 2493 1670 2528 Genus
1686 2489 1773 2526 illud

180 2553 411 2603 Androscepia
433 2562 487 2592 sat
513 2557 714 2592 distinctum
740 2557 845 2592 etiam
868 2557 904 2592 in
930 2562 1003 2593 tres
1029 2557 1101 2593 abit
1126 2556 1276 2598 formas,
1304 2566 1456 2604 quarum
1495 2552 1610 2602 prima
1647 2549 1774 2585 Anthi-

180 2617 298 2647 stirias
325 2618 361 2648 et
387 2614 488 2650 tertia
514 2616 780 2664 Hyparrlzenias
806 2615 957 2665 attingit,
996 2616 1115 2651 media
1143 2620 1260 2651 autem
1289 2613 1451 2650 distincta
1477 2615 1512 2648 et
1537 2608 1736 2659 peculiaris.
