2435 3188
694 242 774 283 112

638 348 927 395 vato-marginata,
963 348 995 381 in
1032 345 1142 381 medio
1182 346 1402 394 impressione
1439 346 1520 387 lata,
1547 359 1664 394 parum
1692 345 1871 394 profunda,
1907 345 2013 380 antice
2045 347 2234 393 angustiore

638 414 765 449 notata,
792 406 917 454 angulis
945 405 987 441 ad
1013 407 1104 442 basin
1130 405 1289 447 sortibus,
1313 405 1515 447 sub-acutis,
1544 404 1892 442 tuberculi-formibus.

792 491 1132 540 Cephalothorax
1158 490 1394 538 nigro-fuscus,
1421 491 1503 526 linea
1519 491 1640 526 dorsali
1655 489 1762 524 media
1780 503 1797 524 a
1811 489 1995 525 declivitate
2011 491 2139 537 postica
2154 492 2238 526 inter

641 552 757 587 oculos
785 552 934 599 posticos
961 549 1139 598 (interdum
1173 549 1283 597 paullo
1315 549 1461 597 longius)
1492 549 1607 591 dueta,
1641 549 1744 590 tenui,
1772 550 1876 583 antice
1904 554 2074 596 angustata
2100 555 2132 584 et
2157 563 2235 584 acu-

641 612 773 653 minata,
801 623 819 645 e
846 609 919 658 pilis
946 609 1043 650 albis,
1069 620 1314 655 nonnumquam
1346 607 1684 648 sub-rufescentibus,
1718 606 1871 648 formata,
1893 612 1925 642 et
1950 607 2009 641 alia
2043 608 2141 650 linea,
2167 608 2238 656 ple-

642 682 781 717 rumque
808 669 918 716 paullo
945 667 1069 708 latiore,
1097 679 1197 714 supra
1230 666 1408 713 marginem
1432 668 1583 714 utrinque
1611 672 1772 707 testacea,
1804 666 1877 713 pilis
1905 665 2020 701 albidis
2047 666 2150 702 dense
2178 667 2239 702 ob-

644 729 751 764 ducta.
803 726 927 774 Margo
962 727 1035 773 ipse
1058 726 1161 773 niger,
1183 724 1345 760 interdum
1373 726 1469 760 etiam
1497 724 1770 773 albido-pilosus,
1797 730 1832 758 ut
1864 725 1946 759 linea
1981 724 2119 760 lateralis
2147 725 2241 760 latior

644 788 714 829 fiat,
738 788 820 822 linea
846 786 938 820 fusca
959 785 1131 832 geminata.
1176 785 1269 818 Pars
1296 784 1471 832 cephalica
1497 785 1581 819 inter
1607 784 1723 818 oculos
1751 783 1879 818 medios
1905 789 1937 818 et
1962 784 2112 830 posticos
2135 783 2240 818 fulvo-

644 847 766 895 pilosa,
806 845 912 880 fronte
938 844 1012 891 pilis
1045 843 1262 879 albicantibus
1296 856 1494 891 conspersa,
1531 843 1593 878 sub
1623 844 1707 878 serie
1741 842 1911 877 oculorum
1940 847 2093 889 quattuor
2117 843 2240 877 antico-

645 919 716 941 rum
744 904 1002 939 flavo-testacea.
1053 901 1329 937 Mandibulae
1356 902 1623 943 flavo-testacea,
1650 902 1744 949 apice
1768 907 1800 936 et
1826 900 1987 935 interdum
2014 900 2168 936 lateribus
2193 902 2242 936 ni-

646 977 735 1012 grae.
796 961 1003 998 Maxillae
1044 961 1337 996 flavo-testaceae.
1400 960 1574 995 Labium
1613 962 1757 1008 nigrum,
1799 961 1893 1007 apice
1934 959 2242 995 ssavo-testaceum.

646 1022 770 1070 Palpi
795 1028 826 1057 et
854 1019 987 1069 pedes
1015 1019 1271 1060 flavo-testacei;
1290 1034 1383 1069 pars
1398 1020 1587 1068 femoralis
1614 1020 1720 1054 inillis
1735 1019 1872 1054 annulos
1889 1018 1973 1053 duos
1988 1018 2113 1059 fuscos,
2139 1018 2244 1053 divul-

648 1096 704 1117 sos
729 1081 845 1122 habet,
877 1093 967 1127 pars
990 1079 1173 1127 patellaris
1209 1079 1367 1113 maculam
1401 1079 1547 1114 basalem
1579 1079 1696 1114 subtus
1722 1079 1752 1112 in
1778 1078 1878 1113 latere
1909 1079 2087 1119 exteriore,
2118 1076 2244 1113 tibialis

649 1141 719 1178 basi
749 1144 886 1187 anguste
914 1138 1005 1173 fusca
1039 1145 1104 1180 est,
1148 1138 1275 1172 macula
1312 1137 1461 1185 ejusdem
1493 1138 1614 1172 coloris
1647 1138 1763 1173 subtus
1792 1137 1833 1171 ad
1865 1137 2008 1184 apicem,
2042 1136 2182 1172 tarsalz's
2214 1137 2245 1171 in

648 1202 722 1248 ipso
753 1199 847 1246 apice
871 1197 1119 1232 sub-infuscata.
1177 1196 1290 1233 Comae
1317 1210 1416 1244 supra
1439 1196 1479 1231 ad
1507 1197 1678 1231 maximam
1708 1202 1834 1244 partem
1862 1196 1990 1238 fuscae,
2017 1196 2133 1231 subtus
2157 1201 2245 1231 totae

648 1259 928 1294 flavo-testaceae.
980 1256 1127 1291 Femora
1156 1269 1256 1304 supra
1283 1262 1315 1291 et
1342 1258 1373 1291 in
1400 1256 1556 1291 lateribus
1584 1255 1686 1290 dense
1712 1255 2001 1296 fusco-maculata,
2029 1255 2145 1289 subtus
2164 1267 2243 1289 vero

650 1318 718 1353 sere
748 1323 835 1351 totae
863 1316 1128 1356 flavo-testacea,
1164 1315 1299 1350 maculis
1341 1315 1469 1350 duabus
1505 1316 1699 1349 transversis
1738 1314 2004 1355 obscurioribus,
2044 1326 2159 1361 parum
2189 1327 2246 1349 ex—

650 1378 792 1424 pressis,
829 1388 931 1423 saepe
968 1375 1163 1416 obliteratis3
1200 1372 1302 1409 tibiae
1326 1380 1359 1409 et
1384 1379 1563 1409 metatarsi
1590 1375 1660 1408 basi
1693 1374 1872 1421 apiceque,
1909 1379 1941 1408 et
1971 1372 2089 1407 annulo
2122 1372 2247 1414 medio,

652 1436 769 1471 subtus
807 1447 908 1482 saepe
946 1435 1145 1481 interrupto,
1186 1447 1301 1481 parum
1330 1433 1517 1474 manifesto,
1558 1433 1667 1468 fuscis.
1726 1433 1831 1467 Tarsi
1858 1433 2008 1473 testacei,
2035 1432 2129 1479 apice
2156 1431 2247 1466 susci.

653 1493 874 1529 Abdomen
902 1506 1002 1540 supra
1028 1492 1171 1534 fuscum,
1195 1505 1294 1540 supra
1320 1492 1478 1540 petiolum
1505 1492 1632 1526 macula
1653 1491 1814 1526 ordinaria
1838 1504 1964 1531 crassa,
1991 1490 2059 1525 fere
2078 1490 2248 1532 sx-sormi,

652 1554 760 1600 nigra,
793 1565 892 1599 supra
919 1552 1003 1587 lianc
1032 1553 1064 1586 in
1096 1551 1196 1586 dorso
1225 1553 1331 1586 antico
1359 1552 1440 1586 linea
1470 1552 1539 1585 sive
1567 1551 1692 1585 macula
1719 1550 1941 1591 sub-hastata,
1969 1549 2247 1589 testaceo-fusca,

654 1613 758 1647 antice
788 1612 892 1659 magis
919 1611 1193 1658 albicanti-pilosa
1220 1610 1434 1658 distinguitur,
1461 1610 1542 1644 linea
1571 1610 1721 1656 utrinque
1748 1610 1838 1656 nigra
1865 1608 2009 1650 definita,
2038 1621 2123 1655 quae
2142 1614 2248 1643 tamen

655 1670 816 1706 interdum
855 1669 1025 1704 obliterata
1057 1676 1122 1711 est,
1161 1683 1263 1718 saepe
1296 1682 1375 1704 vero
1406 1670 1534 1717 postice
1562 1668 1774 1703 sub-dentata
1802 1674 1834 1703 et
1860 1668 1990 1715 punctis
2018 1667 2099 1702 albis
2130 1673 2248 1702 notata.

656 1729 692 1764 In
720 1728 828 1764 medio
863 1728 929 1763 sere
969 1728 1070 1764 dorso
1100 1730 1244 1764 exoritur
1281 1729 1432 1776 utrinque
1473 1729 1576 1763 series
1603 1726 1643 1761 ad
1673 1741 1768 1762 anun]
1808 1726 1904 1761 ducta
1932 1740 1950 1761 e
1980 1727 2110 1774 punctis
2152 1726 2249 1767 albis,

656 1790 789 1837 nigrore
824 1788 1026 1833 conjunctis,
1063 1787 1216 1829 formata,
1254 1787 1415 1822 interdum
1445 1787 1642 1834 majoribus,
1670 1786 1926 1826 confluentibus,
1962 1786 2071 1819 vittam
2099 1786 2249 1833 utrinque

658 1848 764 1883 albam
793 1846 1025 1888 referentibus,
1064 1848 1149 1881 intus
1176 1846 1355 1887 dentatam,
1382 1848 1560 1881 interstitiis
1590 1846 1732 1881 dentium
1757 1846 1868 1892 nigris.
1922 1842 2072 1892 Spatium
2098 1846 2249 1891 interjec-

659 1913 727 1941 tum
754 1905 879 1940 lineolis
906 1907 1100 1940 transversis
1134 1906 1217 1940 albis
1244 1906 1404 1940 interdum
1442 1912 1580 1940 notatur.
1632 1904 1752 1939 Latera
1780 1903 1963 1938 abdominis
1991 1903 2097 1945 fusca,
2124 1904 2250 1951 saepis-

659 1967 740 2001 sime
765 1965 1034 2011 albo-variegata.
1095 1964 1216 1999 Venter
1240 1965 1511 2000 albo-cinereum.
1563 1965 1729 2013 Epigyne
1755 1962 1892 2011 pulchre
1918 1961 2201 2009 ferrugineo-rusa.

808 2059 890 2093 Mas
918 2058 1023 2093 differt
1047 2063 1169 2093 tantum
1197 2058 1373 2093 abdomine
1401 2060 1541 2100 minore,
1566 2059 1741 2107 palporum
1768 2063 1928 2092 structura
1956 2062 1989 2091 et
2010 2056 2123 2090 colore.
2177 2054 2250 2090 Ce—

660 2117 942 2167 phalothorax
983 2118 1094 2165 niger,
1135 2118 1227 2153 lineis
1265 2119 1361 2153 etiam
1398 2118 1658 2166 angustioribus,
1704 2130 1800 2165 quam
1837 2118 1867 2151 in
1896 2116 2028 2156 semina,
2064 2114 2250 2149 lateralibus

662 2191 764 2226 saepe
805 2177 938 2212 detritis.
998 2175 1194 2212 Sternum
1236 2177 1373 2224 nigrum.
1432 2176 1702 2212 Mandibulae
1745 2177 1839 2223 apice
1879 2175 1942 2209 late
1980 2174 2101 2220 nigrae.
2166 2171 2250 2208 Ma-

661 2237 786 2272 xillae
828 2242 860 2271 et
897 2236 1052 2271 labium
1090 2238 1198 2283 nigra,
1238 2236 1332 2283 apice
1372 2242 1525 2271 testacea.
1578 2234 1703 2282 Palpi
1738 2235 1837 2281 nigri,
1870 2241 1978 2281 parte
2003 2232 2174 2280 patellam·
2209 2232 2250 2267 ad

663 2296 755 2330 basin
779 2295 858 2335 late,
893 2295 1054 2330 interdum
1086 2294 1155 2330 fere
1182 2301 1268 2336 tota,
1303 2301 1336 2330 et
1354 2303 1462 2343 parte
1482 2294 1654 2341 femorali
1681 2294 1774 2340 apice
1801 2292 1970 2333 testaceis,
1996 2289 2106 2326 tibiali
2129 2304 2250 2339 opaca,

663 2367 728 2389 non
759 2353 872 2393 nitida;
898 2354 1083 2401 patellaris
1111 2354 1409 2403 sub-pyraminata,
1435 2354 1562 2393 brevis,
1589 2351 1714 2387 tibialis
1741 2351 1803 2385 hac
1828 2363 1942 2398 parum
1970 2350 2108 2397 longior,
2135 2363 2250 2386 versus

665 2413 792 2460 apicem
817 2413 1010 2454 incrassata,
1038 2412 1202 2447 latitudine
1225 2413 1341 2460 apicali
1367 2413 1421 2446 vix
1446 2412 1582 2458 longior,
1609 2411 1749 2446 tar-salis
1769 2410 1831 2445 late
1846 2409 2016 2451 fornicata,
2041 2409 2153 2451 ovans,
2171 2409 2250 2444 dua-

665 2472 728 2506 bus
762 2469 1031 2506 antecedentibus
1072 2472 1254 2517 conjunctis
1290 2484 1355 2505 non
1396 2470 1534 2517 longior.
1588 2468 1718 2504 Bulbus
1751 2470 1820 2504 basi
1854 2474 1903 2503 sat
1937 2467 2095 2510 tumidus,
2134 2468 2249 2503 aculeo

667 2529 756 2570 forti,
784 2530 953 2569 breviore,
987 2529 1120 2576 oblique
1152 2542 1268 2564 versus
1299 2530 1427 2576 apicem
1454 2534 1485 2563 et
1512 2529 1594 2563 latus
1630 2529 1772 2564 exterius
1799 2527 1941 2569 directo,
1970 2540 2085 2575 parum
2114 2527 2249 2561 incurvo

667 2594 818 2622 armatus.
869 2586 1006 2621 Pedes
1037 2587 1180 2622 obscure
1207 2588 1355 2629 testacei,
1389 2593 1480 2622 coxis
1506 2587 1573 2623 sere
1607 2589 1682 2623 totis
1708 2593 1740 2623 et
1760 2585 1956 2634 femoribus
1982 2586 2023 2621 ad
2049 2586 2141 2620 basin
2169 2586 2251 2620 ultra
