2435 3188
706 248 762 286 *741

650 353 775 396 colore,
800 366 866 402 quo
895 354 1022 389 macula
1050 367 1166 401 magna
1192 355 1305 390 antica.
1350 377 1394 380 —
1436 353 1616 391 Praeterea
1650 355 1769 390 nullam
1799 368 1910 390 veram
1938 353 2151 390 differentiam
2176 355 2259 390 inter

658 412 739 447 Var.
765 427 788 448 οι
808 410 884 453 ρῐβ
912 413 1057 448 invenire
1084 414 1187 461 potui.
1238 412 1368 448 Eadem
1397 414 1493 461 plane
1522 421 1644 449 suntet
1663 414 1885 462 magnitudine
1901 421 1934 449 et
1949 415 2088 462 partium
2116 414 2260 448 omnium

650 471 855 513 formatione,
881 471 958 506 illud
986 473 1012 507 si
1041 474 1225 519 exceperis,
1253 472 1344 519 quod
1372 473 1413 507 de
1432 474 1558 519 forma
1587 479 1749 521 epigynes
1773 474 1854 514 dixi·,
1882 486 1966 521 quae
1982 480 2090 508 tamen
2107 472 2260 508 differen-

650 532 701 571 tia,
729 532 755 566 si
784 536 940 566 constans
965 531 1026 565 sibi
1055 544 1189 578 semper
1214 532 1408 578 reperietur,
1435 532 1520 567 hanc
1548 535 1738 568 varietatem
1775 532 1938 567 diversam
1982 533 2075 567 faciat
2113 533 2260 579 speciem

650 603 791 625 necesse
819 596 878 625 est.

805 660 891 693 Var.
926 671 956 700 Ὺ.
994 657 1055 707 (07'
1090 659 1162 704 ad.)
1222 655 1582 704 Cephalothorax
1625 658 1936 700 fusco-testaceus,
1978 659 2263 708 albido-pilosus,

650 719 808 766 margine,
850 717 985 751 maculis
1021 716 1151 752 duabus
1190 716 1378 752 dorsalibus
1406 723 1437 751 et
1467 724 1560 764 parte
1597 718 1768 766 cephalica
1810 718 1924 752 colore
1966 719 2070 753 minus
2106 719 2262 754 obscuro.

651 775 849 812 Sternum
877 775 1164 811 fusco-testacum.
1217 774 1312 810 Man
1325 775 1503 811 (libulae
1531 778 1654 824 nigrae,
1679 778 1765 811 intus
1794 790 1911 811 versus
1939 778 2068 824 apicem
2086 783 2261 812 testaceae.

650 834 856 870 Maxillae
883 836 1006 882 nigrae,
1031 835 1347 883 flavo-marginatae.
1401 833 1523 884 Palpi
1549 837 1695 877 testacei,
1723 836 1852 870 lamina
1878 836 1968 871 bulbi
1984 836 2013 870 in
2032 835 2142 870 medio
2157 835 2264 871 fusca:

650 893 768 929 bulbus
796 894 907 940 nigro-
935 900 968 928 et
995 895 1368 942 castaneo-variegatus.
1438 894 1579 930 Pedes
1620 896 1767 935 testacei,
1809 895 1951 929 articulis
1992 895 2061 929 basi
2101 895 2263 942 apiceque

651 953 877 1001 nigro-fuscis,
905 952 1087 987 semoribus
1104 960 1278 1000 praeterea
1297 955 1415 989 subtus
1438 954 1565 989 macula
1592 954 1698 989 media
1723 955 1824 1001 nigra.
1880 952 2011 988 Pedum
2038 953 2148 988 aculei
2172 955 2265 1001 nigri,

651 1012 813 1047 interdum
855 1012 950 1059 apice
987 1013 1132 1046 testacei.
1197 1011 1419 1048 Abdomen
1460 1015 1605 1061 nigrum,
1645 1014 1771 1061 pictura
1813 1018 1974 1048 testacea:
2009 1013 2134 1048 macula
2175 1019 2265 1047 ante-

652 1071 852 1107 tuberculari
878 1071 1121 1118 sub-triangula
1151 1072 1203 1107 vel
1238 1073 1431 1114 lanceolata,
1459 1074 1564 1107 antice
1592 1079 1625 1108 et
1652 1073 1683 1107 in
1712 1072 1822 1107 medio
1850 1078 2003 1119 angusta,
2031 1073 2162 1120 postice
2187 1072 2266 1109 lata.

652 1144 726 1165 cum
752 1130 849 1178 plaga
877 1144 955 1165 mox
983 1144 1072 1178 pone
1100 1131 1272 1166 tubercula
1301 1137 1500 1173 transversa,
1539 1132 1704 1180 inaequali
1732 1132 2007 1177 sub—conjuncta;
2047 1130 2130 1166 haec
2169 1130 2267 1178 plaga

651 1192 747 1225 vittas
774 1189 857 1224 duas
883 1191 1036 1237 utrinque
1064 1189 1224 1231 dentatas,
1258 1192 1389 1238 postice
1415 1192 1636 1239 angustiores,
1664 1205 1679 1225 a
1709 1190 1890 1225 tuberculis
1916 1191 2122 1238 incipientes,
2150 1203 2267 1225 versus

652 1263 747 1284 anum
777 1250 861 1283 inter
887 1262 923 1283 se
950 1249 1259 1296 appropinquantes
1297 1251 1485 1297 conjungit;
1525 1264 1601 1286 area
1641 1250 1780 1285 dorsalis
1817 1249 1946 1297 postica
1980 1251 2070 1296 nigra
2098 1250 2129 1284 in
2157 1249 2267 1284 medio

652 1309 771 1343 seriem
799 1322 817 1343 e
841 1309 973 1356 punctis
1003 1309 1157 1343 testaceis
1185 1308 1356 1343 formatam
1385 1309 1496 1345 habet.
1572 1309 1693 1344 Venter
1721 1321 1838 1343 versus
1867 1308 1966 1343 latera
1994 1310 2268 1343 testaceo-varie-

651 1374 758 1416 gatus,
782 1368 813 1402 111
839 1366 949 1402 medio
973 1372 1052 1408 ater,
1083 1367 1217 1401 maculis
1246 1367 1376 1403 duabus
1405 1368 1445 1403 ad
1471 1370 1585 1403 rimam
1611 1368 1788 1416 genitalem
1820 1367 1958 1414 aliisque
1985 1367 2114 1403 duabus
2143 1367 2268 1408 mediis,

652 1428 806 1474 striisque
833 1426 874 1460 ad
903 1426 1071 1467 mamillas,
1098 1426 1199 1460 ssavis.

802 1522 818 1553 ἳ
842 1519 942 1565 pullu
974 1518 1070 1565 hujus
1096 1532 1163 1553 var.
1191 1518 1309 1553 eadem
1328 1519 1395 1554 l'ere
1421 1519 1545 1559 colore,
1569 1519 1675 1566 magis
1701 1518 1802 1552 modo
1832 1523 1992 1558 testaceo,
2020 1517 2158 1551 annulos
2175 1518 2265 1552 tibia-

653 1577 701 1611 les
727 1582 758 1611 et
788 1577 1015 1612 metatarsales
1044 1591 1206 1625 expresse
1232 1578 1346 1613 fuscos
1372 1577 1481 1613 habet.
1537 1576 1723 1625 Palporum
1753 1589 1890 1624 quoque
1917 1576 2042 1611 articuli
2072 1577 2167 1624 apice
2194 1577 2269 1624 plus

653 1637 758 1670 minus
786 1637 869 1683 nigri
898 1641 982 1670 sunt.
1012 1657 1059 1663 —-
1084 1639 1102 1671 Ξ
1126 1636 1249 1671 adulta
1276 1650 1348 1671 zvar.
1377 1649 1398 1679 ’γ
1426 1636 1501 1671 1111111
1528 1637 1650 1684 ignota.

800 1728 952 1765 Habitat
974 1728 1065 1764 hacc
1092 1729 1234 1777 species
1264 1728 1299 1764 111
1325 1730 1474 1778 Europa
1515 1736 1563 1765 cis
1603 1729 1728 1778 Alpes.
1782 1730 1891 1777 Apud
1920 1742 1987 1766 nos
2012 1731 2047 1766 in
2075 1732 2168 1766 silvis
2195 1736 2269 1766 tan-

653 1791 737 1828 tum,
767 1788 978 1835 praesertim
1004 1787 1039 1823 in
1066 1787 1107 1823 iis
1135 1788 1338 1836 provinciis,
1382 1801 1474 1838 quae
1515 1788 1561 1825 ad
1603 1789 1778 1824 orientem
1808 1792 1843 1824 et
1869 1789 2057 1825 meridiem
2099 1794 2268 1838 spectant,

655 1845 842 1883 invenitur.
898 1846 1012 1883 Meus.
1042 1846 1126 1882 ι111111
1153 1870 1197 1874 —-
1231 1848 1328 1896 Sept.
1358 1847 1477 1884 adulta
1503 1852 1565 1883 est.

855 2012 1003 2048 EPEIRA
1030 2012 1245 2049 schreibersii
1270 2012 1405 2049 Hahn.
1438 2036 1481 2042 »-
1515 2014 1627 2063 Long.
1659 2014 1805 2049 14-18
1830 2011 1960 2048 millim.
1990 2014 2051 2061 (Ξ).

734 2109 796 2143 Syn.
820 2107 944 2145 Epeira
965 2107 1192 2136 schreibersii
1215 2110 1298 2136 Halm.
1321 2109 1399 2137 Mon.
1422 2109 1506 2137 Aran.
1529 2109 1592 2136 fasc.
1616 2108 1697 2136 VIII.
1722 2107 1758 2145 pl.
1784 2111 1808 2135 1.
1830 2108 1875 2143 fig.
1898 2106 1926 2134 C.

878 2166 892 2182 1<
1057 2168 1070 2182 «
1239 2161 1271 2185 id.
1320 2158 1372 2186 Die
1396 2158 1513 2186 Arachn.
1536 2158 1574 2185 II.
1596 2167 1622 2195 p.
1647 2160 1691 2185 90.
1715 2157 1779 2193 figg.
1803 2160 1858 2184 900
1883 2161 1909 2183 et
1934 2159 1998 2183 901.

878 2216 892 2231 a
965 2210 1110 2235 cornuta
1218 2210 1312 2235 ΠάΙοΙε.
1337 2207 1410 2235 Hist.
1433 2208 1498 2235 Nat.
1522 2207 1547 2234 d.
1570 2206 1721 2234 111-1111611163
1745 2210 1770 2234 4.
1793 2206 1837 2242 fig.
1863 2209 1887 2233 7.

878 2266 892 2279 a
1037 2267 1050 2280 «
1240 2260 1272 2284 id.
1320 2257 1375 2285 Ius.
1398 2257 1463 2294 Apt.
1487 2257 1524 2284 H.
1549 2266 1574 2293 p.
1600 2259 1664 2283 123.

878 2315 891 2329 «
963 2305 1157 2342 pectoralis
1211 2308 1288 2334 Koch.
1310 2306 1422 2334 Uebers.
1445 2307 1470 2334 d.
1493 2305 1611 2333 Arachn.
1634 2305 1705 2341 Syst.
1729 2304 1788 2332 Hst.
1815 2308 1836 2333 1.
1860 2314 1884 2342 p.
1910 2307 1934 2332 3.

879 2364 892 2378 «
965 2353 1190 2383 schreibersii
1237 2359 1269 2384 id.
1315 2356 1365 2384 Die
1387 2355 1505 2383 Arachn.
1528 2354 1577 2382 XI.
1600 2363 1625 2391 p.
1649 2357 1694 2382 90.
1717 2354 1781 2390 figg.
1806 2357 1973 2382 ooo—901.

801 2423 920 2458 Fusca
949 2422 1006 2458 vel
1032 2427 1206 2465 testacea;
1235 2423 1538 2473 cephalothorace
1556 2422 1791 2464 convexiore,
1824 2422 2004 2465 lateribus,
2023 2423 2163 2472 punctis
2179 2424 2269 2460 duo-

657 2483 723 2519 bus
749 2482 916 2531 lineaque
945 2481 1044 2517 tenui
1070 2482 1249 2531 geminata
1275 2483 1310 2518 in
1338 2486 1438 2531 parte
1468 2480 1651 2530 cephalica
1678 2481 1805 2522 fuscis;
1833 2488 1933 2530 parte
1952 2481 2135 2530 cephalica
2152 2482 2268 2518 antice

654 2540 812 2590 paullulo
840 2544 1039 2590 angustata;
1084 2540 1238 2589 pedibus
1279 2541 1460 2584 testaceis,
1501 2541 1818 2583 fusco—maculatis,
1846 2540 2046 2577 femoribus
2075 2540 2176 2589 apice
2201 2541 2270 2577 late

655 2600 779 2642 tuscis3
808 2599 991 2636 abdomen
1017 2598 1176 2636 humeris
1201 2599 1440 2642 tubereulatis,
1468 2600 1604 2649 pictura
1642 2604 1798 2636 testacea
1828 2600 1883 2636 vel
1913 2599 2092 2636 albicanti:
2122 2600 2155 2636 in
2186 2613 2269 2638 area
