2435 3188
689 276 773 317 298

635 381 784 418 Habitat
807 381 844 418 in
869 381 1017 431 Europa
1031 381 1189 418 maxime
1206 381 1357 422 australi,
1387 386 1423 416 ut
1446 381 1482 416 in
1511 380 1683 428 Hispania
1707 382 1801 430 (Dr.
1831 380 1987 430 Lange),
2012 380 2047 416 iu
2073 379 2235 416 Calabria

711 440 830 476 Italiae
857 441 1039 491 (Gaspar.
1069 442 1158 477 Noe!
1183 439 1218 474 in
1246 439 1358 474 Herb.
1383 439 1502 487 Fries)
1531 444 1566 475 et
1591 439 1626 474 in
1655 439 1772 475 Sicilia
1804 441 2048 489 (Sclczeeigger
2074 439 2109 475 in
2136 439 2235 475 herb.

712 499 802 536 Mus.
831 500 948 536 Berol.
976 505 1011 535 et
1045 502 1108 536 Dr.
1138 499 1292 534 Lehman
1318 497 1354 532 in
1383 498 1494 533 Herb.
1522 497 1653 545 Fries.)

786 591 905 626 Radix
938 603 1052 626 annua.
1124 588 1243 625 Caulis
1280 595 1411 623 erectus
1449 589 1501 623 vel
1540 589 1765 636 procumbens
1804 595 1836 623 et
1876 589 2029 629 diffusus,
2067 600 2237 628 ramosus,

639 650 820 697 angulatus.
873 650 975 685 Folia
1004 648 1265 696 glaucescentia‚
1298 661 1339 682 ex
1373 647 1504 695 petiolis
1532 648 1668 694 trigonis
1702 661 1845 694 superne
1873 647 2158 682 subcanaliculatis
2187 647 2236 680 bi-

619 709 869 757 fpinnatisectffi
896 709 1075 756 segmentis
1104 708 1251 747 obtusis,
1278 707 1448 741 flabellatis
1477 707 1672 753 (praecipue
1708 706 1858 741 foliorum
1885 708 2128 754 superiorum),
2161 704 2237 739 laci-

639 769 698 803 niis
726 768 899 809 latissimis,
927 769 1032 802 ovatis
1060 767 1113 801 vel
1139 766 1423 813 oblongo-ovatis,
1451 767 1554 800 acutis
1584 765 1634 799 vel
1664 766 1791 800 obtusis
1818 779 1891 800 cum
1921 779 2087 805 mucrone,
2117 765 2238 812 planis,

638 828 752 874 petioli
780 827 963 862 secundarii
991 839 1094 873 saepe
1124 825 1472 860 cirrhoso-convoluti.
1531 824 1673 858 Racemaet
1701 824 1931 872 oppositisolii‚
1961 825 2151 871 longissime
2178 836 2238 871 pe-

640 885 802 921 dunculati
831 886 1036 933 (pedunculo
1071 884 1231 919 interdum
1266 885 1342 918 folio
1373 884 1530 931 opposito
1566 883 1745 930 longiore),
1776 883 1852 923 taxi·,
1893 883 2043 931 perlit-elli
2087 882 2239 917 fructiferi

640 946 752 981 reflexi
779 946 830 980 vel
857 944 1129 993 patenti-reflexi,
1156 945 1255 978 immo
1282 943 1641 990 suberecto-patentes.
1696 943 1866 977 Bracteae
1893 943 2146 982 albo-virentes,
2171 941 2239 975 lan-

641 1005 804 1045 conlatae,
849 1005 1067 1045 acuminatae,
1106 1003 1277 1050 peslicellis
1318 1002 1489 1037 fructiferis
1519 1003 1586 1037 fere
1619 1001 1720 1049 duplo
1749 1002 1930 1036 breviores.
1986 1001 2105 1035 Flores
2131 1001 2237 1047 magni

640 1064 738 1099 albidi
765 1063 816 1098 vel
841 1064 1043 1105 albo-rosei,
1074 1064 1167 1110 apice
1199 1062 1440 1109 atropurpurei.
1506 1061 1634 1108 Sepala
1669 1061 1978 1101 albo-virescentia,
2016 1073 2119 1094 nervo
2147 1059 2240 1094 viridi

639 1125 805 1163 instructa,
833 1123 894 1156 late
923 1129 1028 1163 ovata,
1054 1129 1158 1162 acuta,
1186 1122 1254 1156 basi
1282 1122 1503 1161 subtruneata,
1531 1120 1676 1160 dentata,
1706 1118 1833 1167 apicem
1862 1133 1978 1154 versus
2007 1118 2073 1153 fere
2098 1120 2240 1167 integra,

641 1182 763 1217 corolla
790 1182 887 1229 triplo
910 1182 1061 1215 breviora
1090 1183 1230 1228 ejusque
1260 1181 1373 1214 tubum
1402 1179 1567 1214 latitudine
1606 1180 1777 1226 aequantia
1810 1179 1862 1213 vel
1898 1191 2011 1226 parum
2042 1179 2239 1225 superantia.

642 1241 800 1276 Petalum
826 1246 984 1289 superius
1011 1254 1084 1275 cuni
1116 1240 1232 1274 calcari
1260 1246 1376 1280 ovato,
1405 1239 1592 1285 longicollo,
1621 1238 1763 1272 albidum
1793 1238 1843 1272 vel
1871 1238 2115 1278 albo-roseum,
2146 1239 2240 1285 apice

641 1301 796 1336 obtusum
825 1306 856 1334 et
882 1313 1025 1347 superne
1053 1300 1156 1346 gibbo
1186 1299 1278 1333 viridi
1306 1300 1509 1337 instructum,
1540 1298 1593 1345 qui
1624 1297 1823 1344 marginibus
1848 1297 1928 1337 latis,
1957 1296 2238 1343 patenti-reflexis,

642 1373 802 1395 summum
821 1360 948 1407 apicem
967 1359 1211 1406 attingentibus,
1239 1358 1338 1392 dilute
1355 1358 1529 1405 purpureis
1557 1358 1705 1404 cingitur.
1762 1356 1920 1390 Petalum
1936 1356 2086 1401 &serius
2110 1355 2241 1396 lineare,

642 1419 836 1460 carinatum,
864 1419 958 1466 apice
985 1418 1246 1453 obtusiusculum
1275 1425 1308 1452 et
1334 1417 1457 1451 inserne
1485 1417 1588 1463 gibbo
1617 1416 1709 1450 viridi
1734 1417 1942 1456 instructum,
1977 1428 2074 1462 quem
2108 1414 2241 1461 cingunt

642 1478 806 1525 margines
834 1483 1003 1524 patentes,
1043 1490 1204 1511 summum
1244 1477 1372 1524 apicem
1401 1477 1611 1522 attingentes,
1639 1474 1747 1509 albidi.
1803 1475 1925 1510 Petala
1955 1479 2120 1509 interiora
2148 1473 2239 1508 albo-

641 1537 850 1576 lutescentia,
889 1537 983 1583 apice
1016 1542 1256 1584 atropurpurea
1281 1542 1312 1570 et
1340 1534 1616 1582 longitudinatiter
1643 1534 1835 1582 tri-plicata,
1864 1547 1881 1568 a
1909 1533 2017 1567 medio
2046 1533 2085 1567 ad
2114 1533 2242 1580 apicem

642 1609 771 1630 sursum
788 1601 931 1630 curvata.
984 1595 1138 1630 Fructus
1154 1594 1388 1635 subrotundus‚
1417 1595 1566 1635 obtusus,
1586 1606 1811 1641 compressus,
1832 1594 2003 1633 carmanis,
2018 1592 2241 1627 tuberculato-

642 1668 794 1702 rugosus,
820 1655 913 1702 apice
944 1654 1171 1695 bifoveolatus,
1197 1655 1265 1689 basi
1293 1653 1457 1701 pedicello
1485 1654 1666 1687 incrassato
1695 1652 1804 1700 paullo
1833 1652 2011 1700 angustior.

794 1744 875 1778 Icon
900 1751 934 1778 et
959 1744 1140 1791 descriptio
1166 1757 1210 1778 ex
1234 1741 1486 1791 exemplaribus
1513 1747 1611 1777 siccis
1636 1747 1671 1776 in
1697 1740 1786 1776 herb.
1812 1739 2001 1775 Liebmann
2024 1748 2056 1775 et
2080 1739 2191 1774 Fries.

793 1833 878 1868 Ohs.
934 1833 1029 1869 Haec
1053 1833 1270 1881 pulcherrima
1300 1835 1432 1881 species
1458 1833 1647 1867 Fumariae
1672 1838 1840 1877 agrariae
1867 1831 1936 1865 sine
1964 1830 2064 1865 dubio
2093 1831 2241 1878 proxima

644 1899 704 1930 est,
733 1906 749 1927 a
778 1906 840 1940 qua
869 1892 974 1927 differt
1002 1893 1123 1940 sepalis
1152 1893 1330 1934 latioribus,
1359 1892 1529 1940 pedit-eltis
1557 1892 1701 1925 recurvis
1729 1897 1761 1925 et
1791 1891 1940 1924 soliorum
1975 1890 2095 1924 laciniis
2122 1890 2242 1924 latiori-

644 1953 715 1992 bus,
742 1952 920 1986 llabellatis.
976 1951 1125 1999 Aualoga
1157 1958 1207 1987 est
1235 1965 1308 1986 cum
1337 1951 1509 1986 Fumart'a
1537 1949 1749 1997 capreolata,
1782 1948 1873 1997 quod
1901 1962 2019 1983 nomen
2048 1949 2242 1997 saepissime

644 2013 674 2046 in
700 2011 859 2046 herbariis
887 2010 957 2046 sert.

1080 2123 1157 2165 21.
1218 2126 1407 2164 Fumat-ia
1439 2127 1666 2180 corymbosa
1698 2125 1809 2166 Desf.

792 2234 829 2269 F.
858 2233 1032 2269 fructibus
1060 2233 1418 2270 subrotundo-ovatis
1452 2233 1589 2270 obtusis
1632 2247 1713 2269 cum
1755 2234 1966 2270 mucronulo
2001 2233 2242 2270 tuberculato-

647 2292 795 2341 rugosis,
822 2293 952 2341 sepalis
981 2293 1092 2328 ovatis
1123 2293 1259 2328 obtusis
1288 2293 1439 2328 crenatis
1477 2293 1604 2329 calcari
1640 2292 1869 2329 brevioribus
1911 2293 2087 2341 pedicello
2121 2293 2240 2342 paullo

645 2351 838 2393 latioribus,
867 2351 1017 2387 bracteis
1043 2352 1220 2400 pediccllo
1249 2352 1428 2387 fructifero
1457 2351 1667 2401 longissimo
1694 2364 1847 2387 recurvo
1871 2351 2050 2388 multoties
2065 2352 2242 2389 breviori-

648 2408 724 2450 bus,
751 2408 917 2445 foliorum
945 2410 1079 2445 laciniis
1104 2410 1271 2459 oblongis
1301 2410 1429 2445 crassis
1457 2416 1491 2445 et
1518 2409 1756 2445 subcarnosis.

648 2502 820 2537 Fumaria
850 2501 1047 2549 corymbosa
1073 2501 1327 2537 Desfontaines
1361 2502 1402 2535 In
1434 2509 1500 2535 act.
1528 2515 1591 2535 soc.
1620 2501 1696 2536 hist.
1726 2510 1796 2536 nat.
1822 2502 1942 2537 Parz's.
1966 2517 2064 2551 pars.
2090 2503 2172 2552 Ip.
2199 2508 2243 2539 26

721 2569 755 2595 et
780 2560 834 2595 Fl.
861 2561 921 2595 alt.
948 2561 1007 2595 vol.
1031 2561 1073 2594 Il
1089 2575 1129 2609 p.
1159 2565 1217 2596 424
1244 2574 1287 2595 ex
1311 2564 1383 2605 ejus
1407 2558 1495 2594 herb.
1521 2559 1726 2609 (Parlat.)
1782 2559 1871 2595 Dee.
1902 2561 1994 2609 Syst.
2025 2570 2095 2597 nat.
2117 2562 2176 2597 vol.
2202 2563 2244 2597 II

716 2633 754 2667 p.
782 2622 843 2654 152
874 2623 909 2653 et
936 2620 1059 2654 Prodr.
1087 2627 1168 2666 syst.
1196 2633 1265 2665 θεὸν.
1297 2618 1355 2653 vol.
1384 2618 1464 2666 Ip.
1495 2622 1562 2653 459.
1616 2617 1734 2653 Willd.
1759 2633 1809 2668 sp.
1831 2620 1884 2668 pl.
1912 2629 1986 2655 tom.
2013 2620 2090 2656 III
2106 2634 2143 2669 p.
2177 2624 2241 2656 867
