2435 3188
657 262 712 302 92

603 369 638 403 la
661 370 867 414 ge'ne'ratz'on
895 369 951 403 des
976 368 1144 403 Insectes»
1178 364 1349 413 inscripta
1385 363 1419 399 in
1449 365 1551 399 Me'm.
1581 365 1629 400 II.
1661 365 1701 399 P.
1731 365 1759 399 I.
1781 377 1821 411 p.
1852 365 1889 397 17
1916 375 1999 409 seqq.
2029 359 2213 402 invenitur,

602 426 696 463 hanc
724 427 876 462 eandem
903 438 994 461 esse.
1061 425 1115 460 Ibi
1156 429 1275 460 autem
1316 423 1361 458 de
1397 435 1609 458 aranearum
1639 422 1735 458 coitu
1765 421 1930 457 universe
1958 424 1993 455 et
2018 419 2213 468 generatim

603 489 740 521 tantum
767 485 925 534 loquitur
951 485 1010 520 DE
1039 486 1204 525 Gentius,
1244 495 1317 518 non
1351 494 1440 517 vero
1475 481 1674 531 singillatim
1704 481 1750 516 de
1780 481 1843 515 Ar.
1869 494 1929 515 res.
1958 480 2132 519 silvestris,
2160 477 2216 513 vel

605 544 651 580 de
682 544 771 580 alius
795 544 982 591 cujusdam
1009 554 1162 578 araneae
1198 541 1305 576 coitu.
1374 540 1469 583 Quin
1503 540 1608 575 etiam
1644 539 1729 575 nihil
1754 539 1835 574 facit
1867 538 1931 574 nisi
1960 550 2051 586 quae
2079 537 2124 572 de
2151 536 2217 572 hac

604 617 645 640 re
672 604 914 652 disputaverat
940 602 1184 638 LYoNNETms
1211 597 1461 639 transcribere,
1489 597 1559 633 hoc
1575 602 1708 633 tantum
1733 598 1865 640 addito,
1890 610 1929 633 se
1956 596 2216 632 enarrationem

604 663 700 700 illam
728 667 918 711 expertum
947 659 1189 708 comprobare
1218 669 1342 705 posse:
1377 669 1470 704 quae
1499 656 1617 691 onmia
1642 670 1662 692 a
1691 658 1885 694 Cmncmo
1915 669 1946 704 p.
1978 656 2124 690 66—68
2154 667 2218 690 ex-

606 723 738 771 scripta
764 724 854 756 sunt.
908 718 1091 767 Nusquam
1119 717 1155 752 in
1190 719 1292 752 Mdm.
1333 717 1401 751 VII
1432 715 1515 750 dicit
1543 716 1600 752 DE
1626 718 1781 753 GEERUS
1806 729 1845 751 se
1874 716 1938 750 Ar.
1965 729 2026 750 res.
2056 716 2218 750 silvestris

609 780 765 818 coeundi
791 779 941 815 modum
969 781 1072 813 antea
1098 775 1324 824 exposuisse,
1368 787 1487 823 neque
1516 774 1578 809 ubi
1609 788 1686 810 eam
1718 775 1888 811 describit
1912 778 1960 822 (p.
1988 773 2218 821 215-250),

608 854 678 877 nec
706 852 778 889 quo
813 838 896 874 loco
924 836 1121 886 generatim
1151 835 1196 870 de
1230 834 1325 869 coitu
1352 846 1563 869 aranearum
1594 834 1715 869 denuo
1744 833 1886 870 disserit
1909 836 1957 881 (p.
1992 833 2219 880 179-1aoy,

608 912 728 949 neque
764 897 909 933 omnino
951 895 1169 932 mentionem
1211 893 1316 929 ullam
1356 893 1402 928 de
1446 893 1511 928 alia
1540 906 1604 928 sua
1630 893 1802 934 oratione,
1844 897 1950 941 atque
1986 892 2043 927 illa
2071 892 2165 927 «Sur
2189 891 2221 926 la

609 957 822 1006 generatim]
849 956 914 992 des
939 956 1123 990 Insectes»
1152 954 1186 989 in
1216 955 1319 988 ille'm.
1347 954 1402 993 ll„
1432 952 1522 987 lacit.
1578 952 1651 987 Sed
1678 952 1733 987 fac
1754 952 1912 988 VVALCK.
1929 956 2026 986 recte
2053 950 2219 997 judicare.

610 1007 720 1068 quum
744 1016 828 1052 dicit
852 1015 912 1051 DE
940 1016 1108 1050 GEERUM
1147 1013 1182 1048 in
1222 1011 1385 1047 oratione
1418 1011 1572 1060 quadam
1610 1012 1673 1046 Ar.
1704 1027 1766 1047 res.
1796 1012 1958 1047 silvestris
1999 1010 2131 1045 coitum
2161 1009 2222 1044 dc-

609 1076 812 1125 scripsisse:
840 1079 960 1110 tamen
995 1085 1043 1108 ex
1084 1072 1205 1108 verbis
1236 1072 1416 1107 CLERCKII
1445 1070 1575 1106 elicere
1620 1083 1694 1106 non
1734 1083 1891 1119 possum,
1934 1071 1996 1105 Ar.
2027 1078 2220 1104 montanam

612 1135 782 1171 Clerck.
814 1133 968 1169 eandem
1002 1131 1162 1180 speciem
1196 1143 1276 1166 esse
1316 1129 1517 1165 habendam
1553 1135 1659 1179 atque
1692 1129 1795 1165 illam.
1847 1130 1948 1165 Haec
1975 1128 2058 1164 dicit
2080 1129 2223 1164 CLERc-

611 1206 713 1232 KlUs:
759 1195 889 1230 «Omni
922 1194 1124 1242 prudentia,
1154 1205 1220 1239 qua
1247 1191 1400 1225 Retiarii
1428 1199 1584 1230 utuntur,
1618 1199 1651 1225 et
1683 1203 1784 1238 quam
1818 1187 2063 1224 Cubicularius
2088 1187 2222 1236 Regius

613 1252 927 1291 Generosissimus
954 1251 1062 1287 Dom.
1094 1249 1207 1285 Carol.
1238 1251 1290 1284 De
1322 1251 1411 1285 Geer
1437 1249 1472 1284 in
1501 1248 1674 1290 oratione,
1702 1261 1769 1297 pro
1800 1247 2020 1296 deponendo
2042 1246 2222 1295 praesidio

612 1314 729 1363 palam
768 1313 857 1362 Reg.
887 1310 1002 1347 Acad.
1035 1309 1156 1345 Stock.
1190 1309 1320 1344 Scient.
1351 1308 1494 1357 publice
1523 1308 1682 1349 recitata,
1721 1307 1753 1342 d.
1791 1307 1838 1342 26
1866 1308 1941 1342 Jan.
1978 1307 2089 1345 1754,
2114 1319 2147 1354 p.
2181 1309 2219 1341 11

614 1372 782 1421 exposite
819 1374 1010 1420 descripwt,
1046 1375 1150 1418 prius
1196 1368 1375 1404 adhibila»
1404 1370 1454 1415 (at
1483 1366 1668 1403 Suetliice:
1712 1365 1839 1401 «asven
1867 1367 1932 1402 lios
1962 1366 2069 1402 desse
2096 1378 2186 1401 voro
2213 1365 2223 1400 i

614 1433 674 1468 akt
698 1437 828 1475 tagne»
857 1450 896 1460 =
921 1436 1024 1465 etiam
1041 1427 1084 1463 ab
1098 1429 1150 1463 llis
1178 1427 1367 1477 adhibita),
1399 1425 1648 1474 «praeposteri
1676 1424 1853 1466 coibant‚»
1883 1429 1947 1460 cet.
2003 1426 2106 1469 Quae
2128 1429 2225 1460 certe

615 1491 700 1528 nihil
726 1490 821 1526 aliud
848 1488 1058 1538 significant,
1085 1487 1150 1522 nisi
1183 1486 1314 1521 coitum
1343 1485 1478 1521 initium
1507 1485 1657 1534 cepisse,
1701 1491 1791 1519 omm'
1810 1486 2004 1533 prudentia
2031 1500 2097 1533 qua
2123 1494 2226 1520 ‘atme-

616 1561 676 1587 ταν
698 1564 856 1591 araneae,
885 1538 971 1597 Quae
996 1553 1084 1582 retia
1115 1548 1265 1587 tendunt,
1294 1555 1325 1581 et
1353 1560 1453 1593 quam
1478 1546 1660 1593 descripsit
1685 1544 1743 1580 DE
1774 1544 1939 1585 GEERUS,
1967 1550 2068 1579 etiam
2101 1543 2143 1580 ab
2175 1545 2227 1579 his

617 1610 800 1658 (nimirum
825 1620 924 1644 mare
953 1611 988 1642 et
1015 1606 1146 1641 femina
1176 1604 1283 1652 hujus
1311 1604 1462 1652 speciei)
1490 1613 1592 1639 antea
1619 1603 1784 1638 adhibita.
1839 1602 1931 1638 Num
1959 1616 2006 1638 ex
2030 1602 2084 1639 his
2107 1602 2226 1639 verbis

617 1669 787 1718 sequitur,
819 1668 1003 1703 CLERcKu
1030 1676 1197 1700 araneam
1222 1663 1386 1711 ejusdem
1412 1663 1548 1711 speciei
1575 1676 1616 1698 ac
1642 1662 1701 1697 DE
1730 1663 1854 1698 GEERI
1884 1661 2003 1704 fuisse,
2029 1662 2087 1698 vel
2116 1662 2226 1698 modo

619 1729 843 1765 CLERCKIUM
877 1726 924 1761 ita
963 1724 1152 1774 putavisse,
1193 1728 1227 1758 ut
1255 1723 1358 1758 etiam
1396 1722 1548 1757 credere
1577 1721 1718 1756 videtur
1743 1721 1926 1757 WALCK.?
1945 1722 1987 1769 *).
2041 1720 2167 1770 Neque
2193 1721 2226 1757 in

620 1788 820 1827 CLERCKH,
844 1798 963 1834 neque
990 1784 1026 1819 in
1052 1784 1111 1819 DE
1139 1784 1262 1818 (iu-m
1301 1782 1455 1830 scriptis,
1498 1786 1639 1829 praeter
1667 1780 1755 1816 haec
1782 1779 1907 1820 verba,
1936 1780 2086 1816 inveniri
2126 1780 2229 1829 quid-

621 1857 727 1894 quam
754 1848 881 1893 potest,
911 1843 1019 1892 quod,
1051 1848 1086 1878 ut
1112 1842 1290 1889 ejusmodi
1319 1841 1499 1890 quidpiam
1524 1840 1723 1881 credamus,
1750 1839 1933 1874 adducere
1960 1839 2081 1887 possit.
2137 1839 2228 1875 Sub-

617 1905 694 1952 jicit
717 1908 842 1939 contra
872 1903 931 1938 DE
962 1904 1118 1938 GEERUS
1142 1906 1240 1937 recte
1269 1902 1381 1936 Arm).
1410 1910 1606 1935 montanum
1637 1899 1808 1934 (lorck.
1835 1910 1921 1933 Suae
1949 1899 2012 1933 Ar.
2041 1914 2102 1934 res.
2122 1900 2229 1933 dome-

620 1971 735 2004 stivae,
764 1969 799 1998 et
828 1963 891 1998 ΑΓ.
908 1962 1161 2009 triangularem
1191 1960 1363 1996 Clerck.
1395 1973 1482 1995 suae
1510 1962 1572 1994 As.
1589 1975 1650 1994 res.
1680 1960 1834 1999 silveslri,
1861 1970 1928 1992 nec
1953 1957 2101 1992 verbum
2120 1970 2230 1993 unum

623 2023 669 2058 de
697 2034 824 2058 errore
851 2021 971 2070 aliquo
1002 2022 1182 2057 CLERCKH
1206 2020 1240 2054 in
1270 2019 1323 2054 his
1351 2019 1475 2054 formis
1504 2025 1538 2055 et
1564 2017 1769 2054 nominibus
1796 2017 1886 2053 facit.

772 2138 920 2175 Etiamsi
959 2150 1047 2174 vero
1089 2138 1301 2174 CLERCKIUS
1337 2140 1399 2173 Ar.
1429 2148 1624 2173 montanum
1649 2157 1688 2168 =
1719 2139 1781 2171 Ar.
1811 2152 1871 2172 res.
1900 2138 1971 2171 silv.
2001 2147 2082 2171 esse
2117 2136 2231 2172 credi-

625 2198 736 2234 disset
763 2198 850 2246 (hoc
874 2198 1002 2246 posito,
1032 2197 1092 2233 DE
1121 2198 1289 2234 GEERUM
1328 2196 1433 2244 hujus
1474 2197 1606 2232 coitum
1634 2197 1669 2231 in
1698 2196 1858 2231 oratione
1894 2207 1957 2230 sua
1999 2195 2232 2243 exposuisse)

626 2280 668 2284 —
700 2258 800 2306 quod
826 2264 946 2293 autem
973 2256 1071 2292 nullo
1100 2256 1211 2292 modo
1238 2255 1383 2305 probari
1410 2262 1527 2304 potest
1556 2277 1599 2282 —
1629 2255 1857 2290 nihilominus
1885 2259 2003 2290 tamen
2040 2253 2232 2289 ostendunt

625 2317 887 2365 descriptiones
914 2316 1120 2357 formarum,
1148 2316 1193 2351 de
1223 2315 1353 2364 quibus
1380 2315 1577 2363 loquimur,
1607 2319 1643 2349 ut
1675 2313 1770 2361 apud
1802 2320 1992 2362 utnimque
2020 2313 2231 2361 scriptorem

625 2381 775 2412 exstant,
806 2388 880 2410 non
911 2376 1022 2410 modo
1053 2377 1116 2410 Ar.
1146 2384 1344 2410 montanum
1370 2373 1544 2408 Clerck.
1576 2393 1614 2403 z
1638 2374 1702 2408 Ar.
1732 2388 1792 2408 rex.
1818 2376 2032 2408 domesticam
2059 2385 2149 2413 esse,
2171 2385 2231 2408 ve-

626 2447 704 2470 rum
749 2433 854 2469 etiam
893 2436 956 2469 Ar.
995 2436 1248 2479 triangularem
1289 2433 1461 2467 Clerck.
1507 2433 1563 2477 (ad
1601 2437 1753 2479 purtem)
1782 2453 1819 2462 Ξ
1850 2434 1912 2467 ΛΓ.
1952 2447 2013 2467 res.
2039 2432 2231 2468 silvestrem.

694 2545 714 2577 ⁶)
733 2544 863 2578 «Lorsqu'
883 2551 915 2568 en
937 2544 1002 2567 1757
1022 2542 1114 2568 Clerck
1133 2543 1222 2576 publia
1241 2551 1289 2567 son
1310 2541 1427 2567 Histoire
1445 2542 1581 2567 Naturelle
1610 2542 1657 2567 des
1690 2541 1836 2577 Araigne'es
1857 2543 1888 2568 de
1908 2543 1933 2568 la
1952 2542 2049 2572 Suede,
2069 2542 2084 2567 il
2104 2541 2192 2567 donna
2211 2543 2234 2567 le

624 2595 686 2612 nom
706 2586 850 2612 d'Araneus
876 2588 1006 2611 montanus
1033 2585 1048 2611 a
1074 2584 1224 2610 l'Araneide
1253 2585 1296 2619 qui
1320 2585 1388 2610 avait
1412 2584 1453 2611 ete*
1478 2585 1571 2619 l’objet
1595 2585 1642 2610 des
1669 2585 1853 2611 observations
1874 2585 1906 2611 de
1926 2584 1966 2611 De
1985 2585 2078 2611 Geer.›=
2116 2585 2233 2611 WALCK.

625 2639 649 2665 p.
669 2630 727 2655 236.
