2435 3188
687 243 742 285 *72

644 350 787 385 formans
812 348 1071 397 dependentem,
1095 349 1189 395 cujus
1219 348 1307 383 acies
1336 347 1608 397 sub-rectangula
1635 359 1702 382 non
1737 346 1869 394 longior
1896 352 1956 388 est,
1981 358 2078 395 quam
2109 344 2244 380 dorsum

644 409 692 456 (in
718 408 763 443 E.
796 409 993 444 diademata
1019 407 1104 442 haec
1141 407 1229 442 acies
1271 405 1372 441 dorso
1411 406 1542 455 longior
1568 413 1634 448 est,
1661 406 1788 454 angulis
1821 406 1986 441 ambobus
2024 405 2246 451 sub-acutis)·,

644 467 847 516 longitudine
874 467 1007 502 dimidio
1036 467 1139 507 latior,
1166 466 1266 500 latere
1291 465 1446 499 interiore
1474 466 1579 500 antice
1611 466 1823 512 emarginato,
1851 465 1971 512 angulo
1998 466 2153 500 interiore
2191 476 2247 497 su-

630 527 781 574 periore
808 526 908 562 dente
947 526 1117 565 instructo,
1147 524 1202 571 qui
1230 523 1362 558 dentem
1406 524 1555 558 laminae
1586 525 1697 570 tangit.
1750 524 1844 558 Pars
1869 524 2010 558 tarsalesss
2037 523 2090 558 vel
2121 523 2248 561 lamina,

647 592 681 620 ut
708 586 739 620 in
765 585 1020 634 congeneribuS,
1048 581 1300 623 sub-conchata,
1337 582 1438 617 latere
1475 583 1566 617 basis
1597 583 1751 616 interiore
1779 583 1863 629 parti
1900 582 2112 629 praecedenti
2139 583 2248 628 juncta

647 646 760 693 ibique
785 645 883 680 dente
910 656 1014 691 parvo
1042 641 1197 689 praedita.
1251 639 1384 675 Bulbus
1411 647 1572 676 structura
1603 641 1681 675 mire
1710 640 1916 688 complicata,
1941 640 2039 676 dente
2054 641 2248 689 longissimo

649 710 811 745 tortuoso,
852 703 926 738 basi
953 714 1078 741 crasso,
1110 701 1205 748 apice
1242 712 1371 734 summo
1412 701 1529 734 iterum
1557 699 1668 748 paullo
1709 699 1841 734 dilatato
1871 706 1904 734 et
1931 700 2066 748 oblique
2093 704 2252 738 truncato,

650 764 786 811 insignis
813 763 860 807 (in
888 761 932 795 E.
957 760 1153 795 diademata
1168 758 1269 793 multo
1286 759 1420 794 brevior
1444 765 1494 794 est
1510 759 1562 794 hic
1577 758 1669 800 dens,
1696 770 1805 805 neque
1821 759 1915 805 apice
1941 758 2118 806 dilatatus).
2171 756 2252 792 Pe-

652 822 741 856 dum
775 821 949 869 proportio
991 821 1019 861 1,
1045 819 1077 861 4,
1104 819 1137 860 2,
1165 818 1205 858 3;
1236 823 1351 866 primi
1385 819 1474 865 paris
1512 818 1619 867 pedes
1660 816 1939 865 cephalothorace
1973 818 2041 865 4¹4,
2086 818 2254 865 longiores

654 887 738 922 sunt,
764 880 902 915 secunde⁴
927 879 1016 926 paris
1054 891 1170 925 parum
1197 877 1370 912 breviores
1403 890 1501 925 quarn
1529 882 1654 925 quarti,
1689 877 1744 924 qui
1776 875 2054 923 cephalothorace
2083 875 2150 923 3³³7,
2182 881 2256 911 sunt

655 941 842 988 longiores,
869 937 976 986 pedes
1007 942 1101 972 tertii
1127 937 1215 984 paris
1244 935 1283 984 Ἄ
1319 939 1423 984 quarti
1439 942 1598 985 aequant:
1628 948 1743 970 omnes
1763 935 1885 970 aculeis
1907 935 2122 982 longioribus,
2149 934 2253 970 semo-

658 1001 701 1035 ris
729 999 922 1033 diametrum
951 995 1155 1044 longitudine
1181 996 1414 1043 superantibus
1442 997 1599 1038 instructi,
1624 1001 1874 1030 metatarsorum
1903 1000 1936 1029 et
1962 1000 2123 1029 tarsorum
2148 1000 2257 1029 tamen

659 1059 763 1094 aculei
788 1058 890 1092 multo
916 1057 1058 1091 rariores
1091 1068 1188 1103 quam
1226 1055 1257 1088 in
1285 1054 1419 1095 seniina3
1464 1054 1565 1090 tI'biae
1596 1053 1733 1089 secundi
1767 1054 1856 1101 paris
1895 1053 2005 1088 medio
2046 1054 2256 1093 incrassatae,

660 1123 824 1158 curvatae,
852 1117 952 1151 latere
980 1116 1135 1150 interiore
1161 1113 1284 1148 aculeis
1311 1115 1440 1150 circiter
1470 1115 1524 1155 12,
1554 1114 1658 1148 forma
1683 1112 1841 1161 peculiari
1861 1113 2060 1160 insignibus:
2097 1112 2259 1147 breviori-

662 1179 735 1219 bus,
762 1176 893 1217 crassis,
919 1188 1037 1209 versus
1065 1175 1193 1222 apicem
1220 1173 1318 1208 tibiae
1344 1173 1504 1220 gradatim
1531 1172 1812 1213 decrescentibus,
1836 1173 1866 1206 in
1895 1172 1987 1207 binas
2015 1171 2118 1206 series
2146 1169 2262 1217 dispo-

662 1238 740 1272 sitis.
797 1235 911 1272 Come
933 1238 1047 1282 primi
1076 1234 1165 1281 paris
1193 1232 1310 1267 subtus
1337 1232 1367 1266 in
1398 1234 1544 1280 margine
1571 1233 1678 1267 antico
1707 1232 1870 1266 exteriore
1902 1231 2000 1266 dente
2038 1229 2157 1271 valido,
2188 1241 2262 1263 cor-

666 1309 739 1337 neo,
767 1295 985 1330 sub-incurvo
1014 1298 1172 1332 armatae,
1214 1304 1318 1326 coxae
1350 1304 1484 1339 quoque
1512 1293 1650 1327 secundi
1686 1292 1774 1339 paris
1810 1291 1926 1325 subtus
1952 1291 1983 1324 in
2011 1288 2119 1324 medio
2146 1301 2264 1323 versus

666 1356 758 1391 basin
784 1354 916 1389 dentem
952 1365 1099 1400 parvum,
1128 1364 1244 1398 parum
1283 1351 1486 1386 manifestum
1523 1351 1654 1386 habent.
1707 1348 1758 1395 (In
1785 1350 1855 1397 Ep.
1886 1349 2091 1389 diademata,
2121 1361 2171 1383 ex.
2199 1361 2266 1395 gn,

666 1416 718 1449 hic
744 1413 827 1448 dens
854 1413 970 1459 major,
997 1412 1074 1446 satis
1102 1409 1239 1451 validus,
1266 1413 1500 1459 retroversus).
1538 1432 1581 1436 —
1607 1409 1827 1445 Abdomen
1866 1420 2014 1456 parvum,
2041 1408 2266 1454 sub-triangu-

669 1475 744 1514 lum,
771 1471 951 1507 tuberculis
978 1469 1202 1505 humeralibus
1218 1482 1332 1516 parum
1349 1471 1621 1517 prominentibus,
1652 1469 1766 1504 subter
1788 1467 1935 1515 aequale,
1960 1467 2140 1502 tuberculis
2160 1465 2266 1500 nullis.

817 1597 851 1633 0²
868 1593 947 1636 jun.
978 1589 1084 1635 (Var.
1114 1601 1138 1619 ει
1167 1593 1197 1621 et
1220 1585 1263 1634 β)
1286 1587 1394 1635 palpis
1410 1587 1554 1622 nondum
1571 1587 1752 1634 explicatis,
1776 1599 1793 1620 a
1820 1585 1939 1621 semina
1957 1585 2137 1620 tuberculis
2152 1584 2269 1620 hume-

671 1651 793 1686 ralibus
823 1648 1036 1689 acutioribus,
1074 1652 1189 1682 ventre
1217 1647 1355 1694 aequali,
1391 1647 1567 1695 palpisque
1598 1646 1732 1680 clavatis
1760 1651 1882 1679 tantum
1911 1644 2026 1679 differt.
2054 1647 2164 1690 fssjun.
2194 1643 2270 1678 mihi

672 1712 794 1758 ignota.
823 1730 868 1735 ——
893 1706 930 1742 Iu
947 1706 1059 1755 pullis
1085 1704 1184 1755 (var.
1214 1705 1260 1755 Ὺ)
1285 1705 1371 1740 oculi
1398 1707 1542 1753 majores
1569 1711 1658 1745 sunt3
1682 1704 1832 1739 laterales
1859 1717 1875 1738 a
1905 1703 2020 1739 mediis
2047 1703 2154 1750 spatio
2169 1702 2270 1736 multo

674 1771 800 1804 minore
827 1767 976 1815 sejuncti,
1005 1778 1103 1813 quam
1132 1766 1163 1800 in
1192 1765 1309 1800 semina
1334 1764 1452 1800 adulta.

830 1885 929 1922 Color
953 1886 985 1919 in
1014 1887 1032 1920 52
1055 1884 1110 1918 ad.
1138 1887 1250 1929 &jum
1282 1883 1370 1917 Var.
1396 1895 1418 1917 οι
1443 1884 1546 1930 niger,
1573 1883 1696 1924 fuscus,
1722 1883 1873 1916 cinereus
1904 1880 1957 1914 vel
1983 1879 2274 1914 fusco-testaceus.

680 1944 1031 1994 Cephalotliorax
1060 1950 1125 1977 aut
1150 1941 1387 1990 nigro-fuscus,
1415 1942 1681 1990 albido-pilosus,
1709 1942 1795 1976 vittis
1824 1940 1953 1974 duabus
1980 1939 2010 1973 in
2038 1938 2146 1973 medio
2173 1939 2277 1985 partis

680 2006 868 2040 thoracicae
895 2010 928 2038 et
952 2002 1115 2037 interdum
1142 2007 1236 2049 parte
1264 2001 1434 2049 cephalica
1461 2003 1577 2043 antice,
1600 2002 1676 2049 plus
1702 2002 1850 2035 minusve
1876 2010 2036 2045 expresse
2062 1997 2277 2032 fusco-testa-

682 2065 766 2106 ceis,
804 2071 867 2098 aut
895 2068 1069 2103 testaceus,
1113 2061 1270 2096 lateribus
1297 2067 1329 2095 et
1355 2061 1453 2109 plaga
1480 2062 1511 2095 in
1537 2067 1631 2108 parte
1668 2059 1836 2108 cephalica
1872 2057 2002 2105 postica
2043 2056 2278 2104 subtriangula,

681 2125 787 2159 antice
816 2124 847 2158 in
873 2123 989 2157 lineam
1029 2120 1180 2162 mediam,
1218 2133 1325 2168 usque
1353 2119 1394 2154 ad
1421 2120 1538 2155 oculos
1566 2125 1743 2160 extensam,
1781 2116 1954 2165 producta,
1983 2115 2093 2151 fuscis.
2157 2113 2278 2150 Ster-

682 2196 775 2218 num
801 2183 946 2230 nigrum.
982 2180 1108 2215 macula
1147 2179 1255 2214 media
1297 2179 1521 2227 longitudinali
1555 2185 1710 2219 testacea,
1745 2176 1785 2211 ad
1819 2176 1918 2210 latera
1958 2176 2087 2223 nigro-,
2115 2176 2145 2209 in
2169 2173 2279 2209 medio

685 2241 966 2289 albido-pilosum.
1023 2238 1147 2274 Oculi
1172 2239 1285 2274 colore
1312 2238 1405 2273 fusco
1433 2238 1485 2273 vel
1514 2239 1680 2273 succineo.
1732 2234 2010 2270 Mandibulae
2034 2235 2157 2282 nigrae,
2179 2235 2279 2268 inter-

687 2301 765 2336 dum
796 2300 837 2335 ad
858 2300 953 2334 basin
979 2297 1105 2333 macula
1131 2297 1351 2339 cunei-sormi,
1377 2303 1531 2332 testacea.
1585 2295 1787 2330 Maxillae
1816 2300 1849 2329 et
1877 2294 2032 2328 labium
2059 2294 2160 2340 nigra,
2186 2293 2282 2340 apice

688 2366 842 2396 testacea.
895 2357 1016 2405 Palpi
1043 2358 1189 2398 testacei,
1217 2356 1351 2404 singulis
1380 2356 1521 2391 articulis
1541 2356 1635 2402 apice
1649 2354 1898 2402 nigricantibus;
1916 2366 2008 2402 pars
2033 2351 2159 2388 tibialis
2185 2364 2282 2399 prae-

689 2427 780 2455 terea
808 2417 960 2452 annulum
997 2429 1105 2464 prope
1145 2416 1239 2451 basin
1277 2417 1405 2463 nigrum
1441 2414 1556 2449 habet:
1590 2427 1682 2462 pars
1713 2413 1854 2448 tarsalis
1880 2414 1988 2459 nigra,
2025 2412 2094 2447 basi
2128 2416 2282 2446 testacea.

690 2478 831 2514 Pedes
857 2475 1004 2516 testacei,
1034 2474 1299 2516 fusco-annulati,
1329 2473 1571 2520 albido-pilosi·‚
1595 2485 1699 2507 coxae
1722 2473 1845 2520 nigrae,
1871 2473 1902 2507 in
1928 2470 2038 2506 medio
2056 2471 2172 2506 subtus
2184 2475 2284 2505 testa-

691 2550 787 2578 oeae,
821 2534 974 2584 patellae
1001 2533 1114 2568 fuscae
1141 2534 1173 2567 in
1200 2532 1309 2568 medio
1348 2538 1530 2567 testaceae:
1552 2532 1716 2579 femora,
1743 2530 1844 2566 tibiae
1869 2537 1902 2566 et
1925 2535 2106 2565 metatam·
2131 2534 2286 2570 testacea,

692 2596 763 2634 basi
791 2599 939 2642 anguste,
966 2593 1061 2641 apice
1088 2592 1151 2627 late
1177 2591 1279 2633 fusca,
1305 2597 1338 2626 et
1362 2597 1534 2639 praeterea
1562 2591 1680 2626 annulo
1710 2590 1820 2626 medio
1847 2590 1942 2625 fusco
1969 2589 2127 2638 praedita,
2154 2587 2286 2623 femori-
