2435 3188
647 262 701 304 26

691 368 779 406 Rev.
807 370 933 406 sinistr.
987 382 1035 408 τεο
1064 383 1109 406 rm
1140 373 1195 408 5⁹0
1248 372 1316 418 sz'dj
1341 371 1402 406 deb
1434 381 1492 408 sat
1528 375 1703 407 centum
1728 376 1770 407 et
1796 371 2021 407 tredecim
2048 374 2092 421 (a.
2125 372 2193 408 764

1837 443 1870 479 p.
1901 429 1998 479 Chr.)

743 498 948 534 Klmrsclez‘d
970 498 1061 534 filius
1086 496 1326 539 Dadlnnehri,
1352 497 1494 533 ultimus
1510 497 1796 546 Ispehbedorum
1815 512 1835 535 e
1854 506 1961 548 gente
1976 500 2197 536 Benu-Dab-

595 556 699 605 vejhi,
728 557 929 593 secundum
960 556 1199 592 narrationem
1227 555 1538 592 Taberistanensis
1564 569 1658 592 anno
1687 558 1755 592 142
1784 559 1882 602 (759,
1911 560 1958 594 60
1989 571 2020 607 p.
2047 558 2146 604 Chr.)
2175 572 2193 594 a

595 615 766 652 muslimis
797 619 985 664 superatus
1013 618 1165 649 mortem
1203 614 1271 649 sibi
1311 614 1468 650 adscivit.
1522 615 1595 650 Alii
1622 620 1746 651 contra
1772 617 1965 664 scriptores
1991 630 2066 653 rem
2093 617 2193 653 aliter

595 674 805 716 retulerunt,
831 673 947 709 numis
975 673 1070 709 bene
1097 672 1238 708 suffulti.
1294 673 1524 709 contendunt
1550 674 1661 715 enim,
1688 673 1954 710 Khurschidum
1979 675 2109 711 multos
2134 689 2195 711 an-

594 746 661 770 nos
699 738 781 782 post
819 732 958 768 cladem
998 737 1182 780 acceptam
1221 731 1375 773 vixisse,
1414 737 1450 767 et
1476 745 1609 768 nomen
1635 734 1713 779 ejus
1749 733 1785 768 in
1812 733 1981 769 dirhemis
2011 746 2122 782 usque
2147 735 2193 770 ad

594 805 725 829 annum
756 793 823 827 114
852 791 942 838 (765
969 803 1001 839 p.
1030 789 1128 837 Chr.)
1166 790 1341 840 signatum
1367 791 1577 839 saepissime
1613 791 1737 827 videre
1764 792 1854 828 licet.
1910 793 2016 828 Certe
2043 792 2198 828 Sehir-

595 851 729 887 eddin
757 850 829 897 (ed.
859 850 973 886 Doxm
996 861 1098 898 pagg.
1126 866 1140 882 0
1169 854 1203 885 et
1230 853 1294 895 rvr)
1322 850 1506 898 expressis
1529 849 1649 886 verbis
1677 851 1775 893 dicit,
1804 850 2072 886 Khurscl'lidum
2099 864 2193 887 anno

598 912 665 946 144
695 910 793 957 (761,
822 909 844 943 2
873 921 894 957 p
934 907 1032 953 Chr.)
1060 921 1099 943 se
1134 908 1251 956 ipsum
1280 921 1422 944 veneno
1450 908 1682 944 interfecisse.
1737 909 1988 958 Discrepantia
2012 908 2198 945 historico-

596 982 674 1006 rum
711 969 746 1004 in
788 967 853 1003 hac
892 979 931 1002 re
969 966 1105 1002 facilius
1139 967 1359 1016 intelligitur,
1389 980 1494 1016 quam
1522 980 1713 1003 numm-um
1743 968 1942 1009 dissensus,
1968 968 2034 1003 nisi
2060 968 2094 1003 in
2125 968 2199 1017 ipsa

595 1041 678 1064 aera
718 1025 989 1063 taberistanensi
1023 1025 1263 1073 computanda
1289 1026 1433 1075 gravius
1460 1026 1564 1062 lateat
1589 1032 1754 1062 erratum.
1809 1026 1900 1062 Nihil
1928 1039 2016 1062 vero
2035 1027 2197 1076 impedit,

597 1086 786 1136 quominus
813 1097 985 1134 praesens
1012 1097 1141 1120 numus
1169 1083 1238 1119 hoe
1267 1097 1361 1120 anno
1386 1097 1406 1120 a
1432 1084 1666 1121 Khurschido
1696 1098 1782 1121 vere
1810 1098 1919 1121 cusus
1946 1085 1997 1121 sit.

1166 1156 1246 1190 *66,
1277 1155 1472 1204 (Numoph.
1505 1156 1633 1204 upsal.)

697 1229 790 1265 Adv.
821 1228 935 1264 dextr.
1220 1239 1311 1263 Ἴτε-,κ
1369 1228 1477 1263 Omar
1504 1227 1590 1274 (ben
1620 1227 1757 1274 el-Ala)

819 1286 947 1322 sinistr.
1205 1299 1313 1323 ’.ε-,τεκ
1368 1301 1389 1321 a
1415 1288 1483 1322 :ud
1504 1286 1671 1336 vigeat!

816 1344 967 1391 Margini
997 1345 1160 1394 propius:
1247 1359 1309 1383 :1⁷0
1363 1352 1426 1381 sim
1458 1349 1703 1395 argentum.

695 1405 781 1441 Rev.
810 1404 936 1440 sinistr.
1038 1418 1085 1442 u:
1115 1417 1194 1442 ’co-7
1217 1418 1309 1441 ἥκῃ]
1365 1405 1477 1452 tjehas-
1502 1411 1569 1440 vis!
1594 1413 1651 1440 sat
1693 1407 1869 1438 centum
1913 1406 1954 1438 et
1991 1402 2150 1452 viginti

1584 1467 1780 1512 quatuor
1804 1464 1850 1509 (a.
1882 1461 1962 1502 774,
1990 1462 2012 1495 5
2039 1474 2071 1509 p.
2102 1461 2201 1507 Chr.)

747 1521 816 1556 Cfr.
845 1520 1097 1558 MoRnTMANN
1123 1521 1142 1557 l.
1173 1522 1194 1558 l.
1225 1522 1266 1558 N.
1293 1522 1376 1558 885.

1160 1593 1241 1629 ⁸67.
1279 1591 1477 1641 (Numoph.
1504 1591 1632 1640 upsal.)

698 1661 792 1698 Adv.
821 1667 858 1698 ut
886 1662 921 1698 in
947 1662 987 1698 N.
1016 1663 1073 1698 66.

698 1721 785 1758 Rev.
812 1721 939 1757 sinistr.
995 1734 1042 1760 τοῦ
1079 1735 1159 1760 mcvi
1197 1736 1252 1760 ww
1306 1722 1440 1758 schesclz
1462 1728 1529 1758 υἱεῖ
1556 1730 1614 1758 sat
1637 1725 1812 1757 centum
1840 1725 1882 1757 et
1907 1721 2069 1766 viginti
2095 1733 2175 1756 sex

1868 1785 1912 1827 (a.
1943 1769 2014 1817 776
2042 1792 2073 1828 p.
2102 1777 2202 1828 Chr.)

1308 1857 1378 1893 *68
1407 1857 1498 1906 (15).

699 1928 792 1965 Adv.
818 1928 933 1965 dextr.
986 1942 1075 1980 σὴς
1128 1930 1236 1977 Jahjcz
1264 1928 1352 1977 (ben
1380 1928 1577 1977 Mikhnaq).

700 1996 827 2032 Cetera
856 2001 893 2032 ut
921 1996 957 2032 in
982 1995 1022 2032 N.
1053 1997 1116 2038 66,
1144 2001 1179 2032 at
1204 1996 1239 2033 in
1266 1996 1427 2046 margine
1455 1996 1556 2045 signa
1584 1994 1680 2034 mu!
1711 1994 1815 2031 etiam
1840 1998 2021 2043 apparent.

699 2063 786 2099 Rev.
814 2064 941 2100 sinistr.
965 2078 1012 2102 :70
1040 2077 1120 2102 20⁵5
1151 2078 1179 2101 η
1220 2080 1266 2100 nu
1294 2071 1361 2101 vist
1387 2072 1443 2099 sat
1468 2068 1644 2099 centum
1686 2062 1845 2112 viginti
1872 2073 2028 2098 novem
2057 2066 2101 2107 (a.
2130 2062 2201 2097 780

598 2136 629 2171 p.
661 2122 758 2170 Chr.)

748 2192 824 2228 Etsi
850 2193 947 2229 edito
975 2206 995 2229 a
1021 2193 1061 2230 cl.
1088 2194 1244 2231 Donmo
1273 2192 1602 2229 Sehir-eddino
1632 2192 1778 2229 historia
1794 2191 2051 2228 Taberistanae
2077 2189 2203 2226 melius

600 2251 741 2301 cognita
780 2256 815 2287 et
849 2252 954 2288 valde
994 2258 1096 2289 aucta
1132 2253 1190 2294 sit,
1227 2266 1296 2302 qua
1323 2265 1371 2288 ex
1398 2265 1438 2288 re
1467 2253 1584 2289 numis
1616 2252 1720 2288 etiam
1752 2251 1945 2300 pehlevicis
1972 2249 2119 2285 multum
2147 2260 2203 2283 re-

601 2311 736 2346 dundet
762 2310 850 2346 lucis
877 2323 1028 2347 necesse
1065 2316 1133 2352 est,
1164 2311 1272 2347 multa
1302 2316 1420 2347 tamen
1447 2310 1649 2347 etiamnunc
1676 2316 1881 2359 supersunt,
1913 2321 2004 2357 quae
2032 2307 2203 2343 dilucida-

600 2369 697 2404 tione
739 2373 877 2418 egeant.
930 2370 970 2405 In
1007 2370 1128 2418 primis
1164 2370 1276 2406 series
1305 2370 1587 2418 praefectorum,
1627 2383 1718 2419 quos
1749 2368 1899 2404 khalisae
1925 2367 2008 2402 inde
2035 2365 2080 2402 ab
2108 2378 2202 2401 anno

604 2429 672 2462 144
717 2440 832 2475 usque
875 2428 920 2462 ad
961 2441 1093 2464 annum
1131 2429 1201 2463 224
1231 2429 1381 2476 Hidjrae
1408 2428 1442 2464 in
1477 2428 1543 2464 hos
1571 2429 1661 2464 fines
1689 2427 1888 2468 mittebant,
1918 2438 2059 2461 summa
2084 2424 2201 2460 adhuc

601 2486 739 2521 laborat
766 2485 982 2522 difficultate.
1036 2486 1324 2536 Historiographi
1350 2487 1541 2536 indigenae
1568 2499 1693 2535 parum
1722 2485 1827 2521 nobis
1857 2485 2005 2520 aderint.
2044 2485 2203 2532 Tempo-

603 2557 639 2580 ra
667 2544 798 2580 servitii
828 2544 1060 2587 detestantes,
1090 2545 1135 2581 ad
1176 2557 1303 2580 aevum
1332 2545 1511 2585 festinant,
1544 2558 1616 2593 quo
1643 2545 1685 2580 iis
1712 2544 1794 2579 licet
1821 2544 1867 2579 de
1894 2543 2009 2592 gentis
2037 2555 2124 2578 suae
2150 2542 2202 2590 ip—

600 2617 724 2640 sorum
767 2603 923 2640 victoriis
960 2608 995 2640 et
1027 2603 1174 2653 regibus
1208 2603 1427 2652 praedicare.
1482 2602 1619 2639 Multos
1646 2603 1791 2652 quidem
1819 2615 1946 2639 eorum
1973 2601 2070 2638 numi
2097 2600 2202 2636 nobis
