2435 3188
1676 257 1751 298 133

434 370 491 417 sp.
521 369 551 403 2.
606 363 996 403 MARGAmTATus
1023 376 1056 412 p.
1088 362 1166 398 130.
1195 361 1245 397 Pl.
1277 362 1309 396 6.
1339 360 1409 397 tab.
1438 362 1469 396 3.

290 459 349 491 Syn.
374 458 502 484 Aranca
525 455 653 492 levipes
675 455 747 481 Linn.
770 454 841 490 Syst.
865 451 929 479 Nat.
954 451 1003 479 Ed.
1029 453 1072 478 10.
1095 450 1117 478 Ι.
1140 459 1163 487 p.
1190 453 1269 482 6243
1294 448 1343 476 Ed.
1370 452 1413 476 12.
1436 459 1459 486 p.
1487 451 1570 476 1037.

433 515 445 529 «
578 514 591 527 «
693 506 725 530 id.
769 503 852 530 Faun.
875 502 950 529 Suec.
974 500 1024 528 Ed.
1051 504 1073 527 2.
1097 509 1122 537 p.
1147 502 1212 526 492.

529 552 658 589 tigrina
680 553 716 579 De
738 553 809 579 Geer.
833 551 916 578 Mem.
940 550 1003 577 VII.
1026 559 1051 587 p.
1076 552 1141 577 302.
1164 548 1199 586 pl.
1225 550 1268 575 18.
1291 549 1335 584 fig.
1360 551 1405 574 25.

528 601 679 639 laevipes
702 601 777 628 Fabr.
801 600 862 627 Ent.
885 600 955 636 Syst.
980 599 1017 626 ΙΙ.
1039 609 1064 636 p.
1089 601 1155 626 413.

367 651 546 679 Thomisus
609 661 622 675 «
705 651 787 677 Halm.
810 649 862 677 Die
886 648 1003 676 Arachn.
1026 649 1047 676 I.
1072 658 1096 685 p.
1123 651 1185 675 120.
1209 647 1253 683 fig.
1277 650 1322 674 90.

366 700 607 728 Philodromus
629 699 781 735 tigrinus
802 699 883 725 Suucl.
907 699 967 725 Act.
995 697 1088 725 Holm.
1117 699 1198 724 1832.
1222 706 1247 733 p.
1271 699 1337 723 225.

623 748 763 785 jejunus
790 750 884 775 Walelc.
907 748 962 775 Ins.
988 749 1050 784 Apt.
1074 747 1094 774 I.
1118 756 1142 783 p.
1168 748 1233 773 551.

624 797 777 835 laevipes
802 799 878 824 Koch.
903 797 1014 824 Uebers.
1039 795 1063 823 d.
1087 794 1204 822 Arachn.
1228 798 1292 831 syst.
1318 793 1376 821 Hft.
1403 797 1424 821 1.
1448 803 1473 831 p.
1500 796 1542 821 27.
1566 797 1592 820 et
1616 792 1665 819 Hft
1681 797 1703 819 ἦ.
1719 802 1743 829 p.
1759 796 1802 819 40.

364 848 522 875 Artamus
543 847 677 884 jejunus
827 850 858 873 id.
907 846 954 873 Die
977 845 1094 873 Arachn.
1119 844 1183 872 XII.
1207 854 1230 881 p.
1257 846 1301 871 83.
1326 843 1388 880 figg.
1416 845 1622 870 1015—1016.

366 896 604 924 Philodromus
627 895 779 931 tigrinus
808 898 897 923 Westr.
923 897 982 923 Act.
1006 894 1126 922 Gotbob.
1153 897 1237 921 1851.
1261 903 1284 930 p.
1312 896 1354 919 51.

596 969 808 1018 [ARTAMUS
844 981 878 1004 m
887 981 907 1003 a
915 981 963 1018 rg
971 982 990 1004 a
1000 981 1016 1004 r
1025 968 1036 1004 i
1045 972 1058 1004 t
1067 980 1087 1003 a
1095 972 1107 1004 t
1116 980 1136 1003 u
1145 980 1162 1003 s
1200 967 1402 1017 (Clerck)]

345 1080 495 1116 Formas
533 1079 630 1121 duas,
670 1091 762 1128 quae
797 1078 832 1114 in
867 1091 979 1127 opere
1012 1078 1105 1114 «Die
1132 1076 1389 1113 Arachniden»
1421 1076 1588 1111 Artamus
1627 1074 1801 1124 (leom.)

202 1142 342 1189 laevipes
367 1144 402 1175 et
428 1140 470 1174 Α.
490 1143 632 1186 jejunus
664 1142 853 1179 vocantur,
893 1137 977 1173 nihil
1011 1137 1078 1172 nisi
1111 1136 1300 1172 varietates
1337 1137 1501 1183 ejusdem
1543 1133 1677 1182 speciei
1710 1145 1799 1173 esse,

200 1210 409 1251 persuasum
435 1196 520 1233 mihi
546 1196 675 1238 habeo,
709 1197 775 1233 etsi
813 1196 973 1245 picturae
1015 1195 1318 1232 dissimilitudines
1353 1206 1426 1230 non
1467 1193 1566 1229 leves
1599 1192 1800 1228 ostendunt.

200 1258 259 1294 Ad
286 1258 435 1293 formam
478 1256 573 1292 enim
602 1256 753 1292 eaedem
795 1255 900 1305 plane
935 1260 1031 1292 sunt:
1069 1268 1114 1291 ne
1144 1255 1178 1290 in
1204 1253 1364 1303 partibus
1404 1252 1549 1302 quidem
1588 1251 1801 1302 genitalibus

199 1318 302 1354 ullam
330 1315 568 1352 diversitatem
597 1328 748 1351 cernere
775 1315 884 1364 potui.
938 1315 1014 1351 Una
1042 1327 1151 1363 saepe
1177 1313 1422 1354 inveniuntur,
1452 1324 1509 1348 ex.
1536 1323 1586 1361 gr.
1615 1311 1651 1346 in
1677 1310 1799 1350 muris,

199 1376 352 1425 sepibus,
379 1374 446 1411 sub
476 1375 608 1411 cortice
643 1374 831 1416 arborum,
862 1373 923 1410 ubi
950 1373 1105 1410 hiemem
1132 1373 1276 1422 dogunt.
1332 1371 1392 1407 Ad
1421 1370 1602 1407 Holmiam
1630 1377 1664 1405 et
1689 1370 1799 1418 Upsa-

195 1436 274 1471 liam
302 1440 450 1483 utraque
477 1433 591 1469 forma
617 1439 670 1469 sat
695 1433 850 1483 vulgaris
876 1438 938 1476 est,
965 1446 1033 1469 nec
1058 1432 1144 1468 mihi
1170 1432 1276 1481 igitur
1299 1431 1491 1467 defuerunt
1516 1429 1799 1478 opportunitates

196 1495 240 1531 ad
268 1507 328 1530 eas
364 1493 643 1529 observitandas.
686 1516 731 1520 —
778 1494 957 1530 CLERCKH
991 1494 1034 1530 A.
1070 1498 1329 1539 margaritam&
1369 1494 1491 1538 aperte
1520 1489 1563 1524 A.
1598 1489 1797 1537 laevz‘pedem

196 1556 451 1603 repraesentat,
487 1552 585 1601 quod
619 1552 723 1588 etiam
764 1556 1032 1602 perspexerunt
1062 1552 1239 1588 HAnnms
1267 1554 1301 1586 et
1329 1550 1635 1589 SUNDEVALLIUS;
1680 1559 1798 1596 neque

195 1614 309 1664 figura
335 1613 414 1660 ejus
440 1624 558 1660 neque
587 1611 779 1662 descriptio
804 1612 977 1661 picturam
1003 1612 1098 1648 illam
1127 1612 1169 1646 A.
1190 1616 1308 1658 jejuno
1331 1608 1550 1658 peculiarem
1565 1606 1704 1642 indicat.
1737 1606 1795 1641 Ex

195 1671 411 1722 synonymis
437 1683 543 1719 supra
570 1670 679 1707 allatis
706 1672 770 1706 Ar.
795 1678 948 1719 tigrinus
974 1672 1038 1708 De
1066 1672 1198 1707 Geer.
1228 1674 1263 1706 et
1290 1669 1444 1704 Philodr.
1467 1672 1609 1715 jejunus
1626 1665 1794 1701 Walck.

194 1732 239 1768 ad
265 1733 450 1767 Artamum
479 1735 637 1777 jejunum
674 1731 811 1766 Koch.
851 1731 1046 1780 pertinent,
1080 1742 1202 1780 quare,
1231 1728 1260 1764 si
1302 1741 1411 1777 quem
1453 1739 1537 1762 usus
1565 1731 1599 1761 et
1627 1724 1795 1760 meliores

195 1790 466 1827 observationes
491 1789 693 1832 docuerint,
728 1789 819 1826 hanc
849 1790 1019 1833 formam,
1063 1794 1187 1825 contra
1214 1800 1331 1823 meam
1359 1786 1577 1836 opinionem,
1618 1784 1795 1819 diversam

193 1850 352 1899 speciem
393 1848 620 1891 constituere,
660 1862 704 1885 ea
732 1851 903 1886 Artamus
944 1856 1096 1898 tigrinus
1129 1848 1192 1884 De
1223 1849 1351 1883 Geer.
1379 1845 1544 1882 vocanda
1573 1843 1647 1879 erit.
1700 1841 1794 1877 Vide

193 1913 379 1958 praeterea
406 1911 468 1943 Ar.
501 1914 670 1955 ligr-inam
695 1910 730 1945 in
758 1910 971 1946 recensione
998 1920 1210 1945 aranearum
1237 1907 1296 1943 DE
1325 1908 1457 1942 GEERI.
1489 1927 1533 1931 -—
1578 1903 1662 1938 Phil.
1692 1907 1793 1944 tigre·-

193 1984 256 2004 nus
284 1968 446 2004 Walck.
474 1967 562 2003 alius
589 1980 669 2004 esse
695 1968 845 2004 videtur.

420 2111 479 2160 Sp.
509 2113 541 2148 3.
595 2112 861 2149 AUREoLUS.
887 2125 919 2160 p.
954 2112 1032 2147 133.
1061 2112 1109 2147 Pl.
1138 2111 1169 2146 6.
1199 2110 1268 2146 tab.
1297 2110 1329 2145 9.

273 2201 334 2234 Syn.
358 2199 603 2228 Philodromns
626 2200 787 2229 aureolus
809 2201 890 2227 Sund.
915 2201 974 2227 Aet.
1001 2199 1092 2226 Holm.
1121 2201 1204 2226 1832.
1228 2208 1251 2235 p.
1278 2200 1342 2225 223.

356 2249 538 2277 Thomisus
694 2261 706 2273 α
811 2251 894 2277 Halm.
919 2250 969 2277 Dic
993 2249 1109 2276 Arachn.
1134 2248 1169 2275 II.
1193 2257 1217 2284 p.
1243 2251 1287 2274 57.
1311 2247 1374 2283 figg.
1402 2247 1566 2272 lli—145.

356 2298 599 2327 Philodromus
692 2311 705 2323 «
812 2302 907 2327 Walck.
931 2300 984 2327 Ins.
1009 2300 1073 2335 Apt.
1097 2298 1118 2325 Ι.
1141 2307 1165 2334 p.
1191 2299 1255 2324 556.

812 2351 901 2376 Weslr.
925 2349 986 2376 Act.
1010 2348 1129 2375 Gothob.
1156 2350 1239 2374 1851.
1263 2355 1287 2383 p.
1314 2348 1357 2372 51.

599 2422 898 2471 [PHILODROMUS
929 2433 977 2456 au
990 2433 1035 2456 re
1046 2419 1118 2456 olu
1129 2433 1145 2456 s
1171 2418 1374 2470 (werel-j]

343 2513 485 2549 Affatim
514 2515 656 2563 cognita
682 2515 832 2563 species.
