2435 3188
668 252 754 295 134

842 358 902 408 Sp.
930 359 962 395 4.
1013 349 1315 396 FORMICINUS.
1343 372 1375 409 p.
1403 360 1483 396 134.
1513 360 1562 396 Pl.
1590 360 1623 396 6.
1651 359 1720 396 tab.
1751 361 1785 396 2.

696 447 761 483 Syn.
782 447 965 476 Thomisus
986 447 1209 476 rhomboicus
1231 449 1313 476 Halm.
1336 448 1388 476 Die
1408 448 1526 476 Arachn.
1549 449 1570 476 I.
1593 458 1619 486 p.
1645 451 1709 477 111.
1732 449 1776 485 fig.
1801 451 1847 476 83.

779 496 1023 525 Philodromus
1045 497 1247 525 formicinus
1267 498 1348 525 Sund.
1371 498 1432 525 Aet.
1455 497 1547 525 Holm.
1574 501 1658 526 1832.
1681 507 1706 535 p.
1729 501 1795 526 229.

892 556 905 571 «
1044 546 1300 574 rhombiserens
1328 549 1421 574 Walck.
1445 547 1500 574 Ins.
1522 547 1587 584 Apt.
1610 547 1631 574 I.
1654 557 1679 584 p.
1705 550 1770 575 559.

890 605 905 620 <‹
1044 596 1248 624 formicinus
1276 598 1366 624 Westr.
1388 597 1449 624 Act.
1473 596 1591 624 Gothob.
1619 599 1702 624 1851.
1724 606 1749 633 p.
1775 600 1820 624 52.

1037 658 1267 708 [THANATUS
1294 657 1424 694 sormi
1436 659 1504 694 cin
1515 671 1536 694 u
1548 671 1564 694 s
1592 659 1793 710 (Clerck.)]

769 760 895 809 Neque
925 757 971 794 de
998 757 1065 794 hac
1090 758 1288 806 ambigitur.

852 903 911 951 Sp.
938 901 970 938 5.
1023 902 1302 939 CRISTATUS.
1333 915 1366 951 p.
1398 902 1477 939 136.
1506 902 1556 938 Pl.
1585 903 1617 939 6.
1647 903 1717 939 tab.
1748 904 1780 940 6.

705 992 767 1027 Syn.
790 992 923 1020 Aranea
946 990 1074 1019 viatica
1098 993 1170 1019 Lfnn.
1194 991 1263 1028 Syst.
1286 991 1351 1019 Nat.
1375 991 1425 1019 Ed.
1452 994 1494 1019 10.
1518 992 1539 1019 I.
1562 1001 1587 1029 p.
1613 995 1667 1020 623
1707 992 1756 1020 Ed.
1783 995 1826 1020 12.
1848 1001 1874 1030 p.
1899 995 1984 1020 1036.

852 1052 865 1066 α
999 1051 1013 1065 α
1116 1044 1148 1068 id.
1192 1041 1277 1068 Faun.
1300 1040 1375 1068 Suec,
1399 1040 1449 1068 Ed.
1472 1044 1497 1069 2.
1520 1050 1546 1078 p.
1572 1044 1636 1069 492.

855 1100 868 1114 (r
1002 1100 1015 1114 c(
1098 1091 1176 1117 Fabr.
1199 1090 1262 1117 Ent.
1285 1090 1356 1126 Syst.
1379 1091 1416 1117 II.
1440 1100 1464 1127 p.
1489 1094 1555 1118 412.

789 1138 971 1167 Thomisus
993 1138 1143 1167 viations
1174 1141 1256 1166 Halm.
1280 1139 1331 1166 Die
1353 1139 1470 1167 Araclm.
1495 1140 1516 1166 I.
1539 1149 1563 1176 p.
1589 1143 1633 1167 35.
1657 1140 1701 1176 fig.
1725 1143 1772 1168 29.

874 1199 888 1213 «
992 1188 1160 1217 cristatus
1182 1189 1262 1216 Suncl.
1286 1189 1346 1216 Act.
1370 1188 1463 1216 Holm.
1491 1192 1574 1217 1832.
1597 1199 1621 1227 p.
1645 1193 1701 1218 217
1729 1193 1772 1221 (acl
1792 1193 1910 1224 partem).

876 1249 889 1263 α
1087 1248 1100 1262 (ι
1190 1240 1284 1265 Hf'alck.
1308 1238 1362 1265 Ius.
1387 1238 1451 1275 Apt.
1475 1238 1496 1265 I.
1519 1248 1543 1275 p.
1569 1242 1620 1266 521
1648 1242 1691 1270 (ad
1710 1243 1829 1274 partem).

791 1286 958 1324 Xysticus
996 1286 1147 1315 viaticus
1180 1289 1257 1315 Koch.
1281 1287 1331 1314 Die
1355 1287 1472 1315 Arachn.
1496 1287 1561 1315 XII.
1584 1297 1608 1325 p.
1633 1291 1677 1316 70.
1700 1289 1764 1325 figg.
1792 1291 1997 1317 1003—1004.

791 1335 974 1364 Thomisus
996 1336 1165 1364 cristatus
1188 1338 1278 1364 Westr.
1301 1337 1360 1364 Act.
1384 1337 1504 1365 Gothob.
1531 1340 1616 1365 1851.
1638 1347 1663 1375 p.
1689 1341 1733 1365 50.

1099 1410 1309 1459 [Xvsncns
1337 1410 1552 1447 cristatus
1584 1411 1769 1463 (Clerck.)]

783 1538 844 1575 Ab
869 1539 1119 1588 arachnologis
1146 1539 1325 1576 nonnullis
1352 1538 1441 1575 haec
1467 1539 1608 1588 species
1635 1553 1717 1577 cum
1744 1541 1868 1577 formis
1896 1540 2110 1590 quibusdam
2131 1540 2235 1577 valde

634 1598 843 1648 propinquis
872 1599 1020 1634 confusa
1048 1604 1109 1640 est,
1139 1612 1196 1635 ex.
1225 1612 1277 1649 gr.
1301 1612 1380 1634 cum
1397 1600 1499 1647 Xyst.
1517 1599 1702 1646 bg'fasciato
1730 1600 1885 1642 Koch„
1913 1602 1958 1636 X.
1978 1606 2059 1650 pini
2085 1599 2233 1642 Hahn,

634 1661 717 1699 cet„
748 1669 836 1706 quas
871 1662 970 1694 recte
1010 1658 1055 1694 de
1095 1671 1183 1694 vero
1213 1660 1259 1695 X.
1289 1665 1430 1694 cristato
1466 1660 1701 1706 sejunxerunt
1727 1661 1901 1697 Kocmus
1929 1664 1964 1696 et
1989 1659 2142 1696 WESTR.
2193 1659 2234 1695 Id

635 1727 723 1751 vero
752 1716 1069 1754 WALCKENAERIO
1094 1730 1167 1753 non
1193 1717 1324 1766 placet;
1354 1717 1453 1766 quod
1493 1718 1621 1754 mirum
1649 1730 1721 1754 non
1751 1723 1812 1761 est,
1841 1731 1950 1768 quum
1985 1731 2059 1755 non
2097 1718 2235 1761 viderit,

635 1778 784 1823 quantas
812 1776 962 1824 partium
987 1776 1192 1825 genitalium
1232 1776 1534 1813 dissimilitudines
1572 1776 1767 1826 praebeant
1807 1778 1948 1826 species
1987 1778 2076 1820 illae,
2116 1790 2234 1827 neque

636 1834 782 1869 omnino
809 1834 914 1870 ullam
943 1835 1010 1870 nisi
1037 1835 1168 1871 coloris
1194 1836 1443 1877 diversitatem,
1471 1849 1563 1885 quae
1592 1836 1770 1872 interdum
1797 1837 1885 1873 levis
1911 1849 1996 1874 sane
2029 1841 2090 1878 est,
2123 1837 2159 1873 in
2195 1836 2238 1872 iis

637 1892 892 1929 observaverit.
945 1896 1065 1930 Mares
1091 1894 1297 1936 formarum,
1325 1894 1370 1930 de
1397 1894 1526 1944 quibus
1554 1895 1742 1944 loquimur,
1773 1909 1820 1932 ex
1845 1897 2037 1945 pulparum
2064 1900 2239 1931 structura

636 1951 800 1988 facillime
826 1952 1127 1989 internoscantur:
1145 1955 1307 2001 feminae
1333 1967 1420 1989 vero
1437 1953 1656 1989 difficiliores
1683 1959 1774 1991 sunt.
1830 1955 1900 1999 Qui
1928 1955 2024 2004 apud
2050 1956 2236 1992 KochM

637 2011 684 2046 X.
712 2017 858 2047 viaticus
885 2012 1090 2060 appellatur,
1118 2013 1277 2048 omnium
1305 2013 1430 2049 harum
1460 2012 1656 2048 formarum
1682 2013 1717 2049 in
1746 2014 1875 2050 Suecia
1902 2014 2141 2064 vulgatissima
2169 2018 2238 2053 est:

636 2069 672 2105 in
698 2082 780 2105 eum
809 2082 955 2119 quoque
981 2071 1116 2112 melius,
1144 2084 1250 2120 quam
1277 2072 1312 2107 in
1340 2072 1444 2108 ullam
1472 2071 1585 2113 aliam,
1614 2071 1807 2121 descriptio
1834 2078 1868 2109 et
1894 2074 2007 2123 figura
2024 2075 2088 2109 Ar.
2103 2078 2242 2109 cristati

639 2128 831 2177 quadrant:
862 2143 973 2179 quare
998 2143 1071 2166 non
1103 2130 1251 2166 dubium
1278 2136 1340 2173 est,
1371 2131 1455 2179 quin
1481 2131 1524 2166 sit
1551 2130 1606 2166 ille
1636 2132 1782 2167 nomine
1812 2132 2023 2168 Clerckiano
2050 2131 2237 2168 notandus.

641 2209 686 2215 —
714 2188 754 2224 In
779 2197 813 2233 0⁷³
843 2191 945 2238 Xyst.
976 2196 1115 2226 cristati
1140 2190 1347 2237 (Clerck.)
1375 2189 1562 2238 palporum
1594 2205 1686 2239 pars
1713 2190 1840 2226 tibialis
1882 2192 2020 2240 apicem
2056 2191 2091 2226 in
2130 2190 2240 2226 latere

641 2247 823 2283 exteriore
859 2248 1002 2298 longius
1041 2249 1266 2297 productum,
1304 2248 1629 2284 sub-acuminatum
1658 2248 1779 2290 habet,
1819 2249 1944 2286 subtus
1972 2249 2061 2285 haec
2097 2261 2180 2297 pars
2206 2249 2240 2284 in

642 2305 793 2341 formam
823 2313 921 2342 cunei
947 2308 1122 2355 producta
1147 2312 1209 2349 est,
1238 2309 1340 2355 cujus
1368 2307 1463 2343 acies
1490 2307 1763 2344 sub-tridentata
1790 2308 1892 2343 latior
1920 2312 1982 2349 est,
2013 2320 2118 2356 quam
2134 2307 2239 2343 basis.

644 2365 779 2400 Bulbus
803 2365 848 2400 ad
873 2365 973 2401 basin
999 2365 1116 2401 lateris
1144 2366 1336 2401 exterioris
1360 2378 1536 2413 procursu
1564 2370 1617 2401 sat
1654 2378 1801 2414 magno,
1840 2366 1926 2407 lato,
1960 2366 2061 2414 apice
2093 2366 2239 2415 oblique

643 2427 805 2459 truncato
833 2427 868 2458 et
893 2423 1095 2459 acuminato
1123 2424 1304 2471 praeditus
1340 2428 1408 2465 est,
1448 2423 1484 2458 in
1511 2423 1631 2459 medio
1663 2428 1780 2459 autem
1810 2424 1939 2460 calcari
1968 2429 2021 2460 sat
2045 2425 2155 2474 longo
2187 2438 2243 2461 ar·

645 2487 768 2523 matus,
793 2481 892 2530 quod
922 2481 1087 2517 malleum
1111 2486 1255 2517 tenuem
1283 2481 1358 2517 sive
1385 2493 1554 2516 ancoram
1581 2481 1703 2523 refert;
1732 2487 1767 2518 et
1793 2483 1828 2518 in
1856 2483 2016 2532 margine
2037 2484 2155 2520 lateris
2178 2497 2242 2520 cx-

645 2540 795 2582 terioris‚
823 2553 949 2576 versus
975 2540 1085 2581 basin,
1114 2540 1198 2576 setis
1222 2540 1279 2575 vel
1306 2539 1439 2575 aculeis
1471 2539 1610 2576 duabus
1635 2540 1867 2590 longioribus,
1896 2542 2071 2585 tenuibus,
2100 2555 2240 2579 sursum

647 2598 808 2640 curvatis,
837 2599 1021 2647 parallelis,
1044 2598 1120 2635 fere
1147 2598 1322 2648 contiguis
1348 2598 1539 2634 instructus
1563 2603 1625 2641 est,
1654 2613 1802 2648 quarum
1830 2601 1939 2637 altera
1964 2606 2017 2638 est
2044 2602 2160 2649 nigra,
2195 2602 2243 2637 al·
