2435 3188
1656 277 1709 318 91

306 388 404 424 Bene
435 383 575 434 cognita
604 382 755 432 species,
787 395 879 432 quae
906 387 1035 424 tamen,
1070 381 1165 418 nulla
1197 380 1242 417 ab
1271 380 1525 431 arachnologis
1552 382 1587 417 in
1612 383 1764 418 nomini—

159 449 226 485 bus
251 447 376 483 dandis
410 445 563 481 instituta
599 443 746 484 ratione,
788 447 858 478 tam
886 441 1015 477 multas
1055 440 1194 489 accepit
1228 440 1503 476 nominationes.
1556 441 1613 476 Ex
1632 443 1764 490 figura

156 507 339 542 CLEucxn
366 503 468 540 facile
493 501 640 552 agnosci
668 504 803 550 potest:
834 500 1029 549 descriptio
1050 512 1141 536 vero
1165 499 1269 535 valde
1285 505 1339 535 est
1358 499 1495 535 vitiosa.
1525 522 1570 528 -—-
1596 499 1763 538 WALCK.

153 563 250 601 solus
278 564 313 599 in
351 564 414 598 hac.
451 574 580 598 aranea
617 565 725 596 errat:
755 572 847 608 quae
877 559 972 595 enim
999 559 1044 595 ab
1074 572 1120 596 eo
1148 560 1228 594 Lin.
1255 559 1455 595 bucculenm
1491 558 1701 609 (Clerck.)
1729 565 1765 596 et

154 622 281 659 Sund.
309 628 458 657 vocatur
495 621 577 668 (Ins.
607 621 685 668 Apt.
715 620 755 655 II.
783 632 815 667 p.
843 618 950 667 274),
980 619 1046 654 alia
1074 623 1129 654 est
1155 618 1312 667 species,
1357 617 1571 666 eademque,
1611 630 1653 654 ac
1684 620 1763 655 Lin.

151 683 283 717 socialis
311 681 399 717 Suu
410 680 441 716 d.
472 681 543 715 sive
562 681 641 715 Lite.
660 685 795 725 tigrim
822 678 989 714 Wider.
1014 677 1120 725 (Mus.
1136 678 1267 714 Senck.
1284 679 1308 713 Ι.
1328 690 1361 726 p.
1382 678 1465 712 ⁶256.
1481 676 1525 725 pl.
1541 677 1595 713 17.
1613 677 1671 727 fig.
1691 680 1764 728 11).

153 761 197 767 —
227 741 305 776 Lire.
334 739 548 776 bucculentae
577 738 784 785 (Clerck.)
813 737 1040 785 subjicienda
1080 749 1228 786 quoque
1255 742 1310 773 est
1337 738 1401 772 Ar.
1432 737 1610 773 trilsozeata
1648 736 1764 774 Miill.

151 798 267 847 (Zool.
295 798 384 834 Dan.
407 797 531 834 Prodr.
548 811 579 846 p.
602 797 698 845 192),
726 809 746 832 a
773 796 953 833 nonnullis
979 798 1138 833 leauato
1156 796 1367 847 (Philodr.)
1394 796 1532 842 oblongo
1561 795 1763 844 (Walck.)

149 857 346 905 subjuncta.
402 859 464 892 Ar.
495 858 671 893 trilineata
697 855 787 891 Fab
799 869 824 892 r.
856 858 964 892 Attus
991 855 1136 905 quidam
1164 860 1226 891 est.
1257 879 1300 884 -—
1331 856 1393 891 Ad
1420 855 1762 898 Li71.bucculentam,

148 916 345 952 secundum
374 916 675 957 WEsvrmNfflUM,
704 928 774 951 var.
803 918 821 950 b
854 916 954 951 Ther.
983 915 1228 951 albomacalatet
1255 915 1342 951 Sun
1353 915 1385 950 d.
1415 913 1605 950 referenda
1636 918 1699 950 est.

375 1079 433 1128 sp.
467 1081 520 1115 11.
577 1078 855 1115 MONTANUS.
886 1092 918 1127 p.
950 1079 1007 1114 64.
1039 1079 1089 1115 Pl.
1120 1079 1152 1114 3.
1182 1078 1251 1114 tal».
1281 1082 1310 1114 1.

228 1171 290 1201 Syn..
313 1169 448 1196 Aranea
469 1168 634 1206 resupina
657 1167 848 1196 domestica
871 1169 909 1195 De
931 1169 1002 1196 Geor.
1026 1168 1110 1196 Mem.
1134 1167 1199 1195 VII.
1223 1177 1247 1205 p.
1272 1170 1338 1196 251.

314 1217 487 1255 Linyphia
510 1221 673 1246 montana
695 1218 776 1245 Suml.
800 1218 860 1246 Act.
884 1218 980 1246 Holm.
1007 1221 1090 1245 1329.
1113 1227 1138 1255 p.
1164 1220 1230 1245 217.

511 1267 677 1304 resupina
705 1269 799 1294 U'icler.
823 1267 896 1295 Mus.
920 1267 1016 1296 Senck.
1039 1268 1060 1295 Ι.
1085 1277 1109 1304 p.
1137 1270 1201 1295 246.
1225 1271 1243 1294 t.
1271 1270 1314 1295 17.
1339 1267 1384 1304 fig.
1409 1271 1433 1295 12.

605 1327 618 1341 «
706 1319 800 1344 Il'alck.
824 1317 880 1345 Ins.
906 1317 971 1354 Apt.
996 1317 1033 1345 II.
1057 1327 1081 1354 p.
1109 1320 1173 1344 242.

702 1368 779 1394 Korlz.
804 1367 854 1394 Die
878 1367 997 1395 Arachn.
1021 1366 1085 1394 XII.
1109 1376 1134 1403 p.
1161 1369 1224 1393 100.
1248 1366 1312 1403 figg.
1340 1368 1547 1394 1035—1036.

705 1417 797 1443 Il'estr.
819 1418 879 1444 Act.
904 1416 1023 1444 Gothob.
1051 1418 1135 1444 1851.
1160 1425 1185 1453 p.
1210 1418 1256 1443 36.

610 1475 823 1524 [anpum
850 1479 1058 1510 montana
1084 1475 1290 1525 (Clerck.)]

295 1587 397 1623 Hanc
425 1587 592 1636 speciem,
623 1588 668 1624 de
697 1601 766 1638 qua
794 1595 892 1625 recte
915 1588 1171 1637 judicaverunt
1195 1588 1255 1624 DE
1272 1589 1445 1629 GEERUS,
1474 1586 1757 1628 St1Nn.,Kocn.

146 1652 182 1683 et
206 1645 377 1688 mma,
405 1647 754 1684 WALCKENAEnms
784 1661 957 1697 perverse
986 1648 1239 1696 interpretatus
1268 1652 1338 1683 est:
1375 1646 1532 1694 subjecit
1558 1645 1653 1681 enim
1682 1658 1762 1681 eam

149 1709 212 1742 Ar.
241 1712 421 1755 resupinae
445 1708 590 1742 silvestri
617 1706 682 1743 De
712 1708 844 1743 Geor.
876 1710 932 1756 (z
958 1708 1037 1743 Lz'n.
1067 1708 1285 1751 triangulari
1313 1706 1478 1751 Sund.),
1518 1717 1624 1754 quam
1656 1705 1760 1754 igitur

147 1766 292 1801 nomine
316 1767 395 1801 Lin.
425 1775 585 1802 montana
620 1772 734 1802 vocat.
809 1766 876 1814 (Ita
915 1767 1061 1816 quidem
1102 1779 1121 1801 a
1159 1767 1316 1802 Kocnio
1356 1777 1503 1814 quoque
1530 1769 1564 1800 et
1599 1764 1757 1800 XVEs‘rR.

147 1824 320 1874 appellata
347 1830 408 1866 est,
437 1825 501 1860 sed
529 1838 571 1861 ea
598 1825 744 1867 ratione,
773 1826 871 1875 quod
898 1825 946 1861 illi
972 1826 1117 1861 nomina
1162 1825 1366 1861 Linnaeana
1405 1823 1665 1872 praetulerunt:
1708 1828 1761 1859 est

147 1885 241 1920 enim
265 1897 304 1920 re
332 1896 416 1919 vera
444 1886 506 1920 Ar.
532 1900 592 1920 res.
620 1886 690 1920 sile.
721 1885 785 1920 De
810 1886 937 1921 Geer.
967 1885 1095 1921 eadem
1125 1898 1165 1921 ac
1192 1885 1387 1919 LINNAEAI
1417 1884 1687 1933 Ammontmm)
1713 1905 1757 1910 —

148 1945 268 1988 Quum
296 1955 383 1978 vero
410 1943 594 1979 nominum
622 1944 862 1981 commutatio.
893 1957 999 1993 qnam
1019 1957 1143 1980 secum
1164 1943 1273 1978 ferret
1290 1943 1412 1992 opinio
1427 1943 1757 1982 WVALCKENAERIL

147 2003 177 2038 si
205 2002 455 2051 arachnologis
483 2002 706 2051 probaretur,
735 2003 1042 2039 nomenclaturam
1071 2015 1282 2039 aranearum
1311 2002 1473 2043 duarum,
1502 2014 1574 2036 non
1603 2000 1638 2036 in
1669 2001 1759 2036 Sue-

147 2063 202 2098 cia
229 2068 372 2103 tantum,
399 2061 464 2097 sed
492 2062 525 2097 in
554 2062 719 2098 universa
747 2062 823 2098 fere
850 2063 998 2111 Europa
1026 2061 1348 2112 vulgatissiinarum
1365 2060 1606 2100 conturbaret,
1638 2059 1757 2107 paullo

149 2121 295 2158 uberius
324 2120 408 2157 mihi
432 2120 535 2157 liceat
564 2134 762 2170 exponere,
791 2121 876 2171 quid
902 2121 1062 2163 sentiam,
1092 2127 1127 2157 et
1155 2120 1344 2169 quomodo
1371 2132 1430 2156 res
1457 2132 1539 2156 sese
1567 2117 1706 2155 habeat.

296 2223 426 2265 Causa,
472 2235 536 2258 cur
571 2227 675 2258 antea
710 2221 837 2258 factam
878 2227 985 2272 atque
1011 2224 1142 2270 justam
1178 2221 1213 2256 in
1246 2220 1312 2256 hac
1346 2224 1381 2256 et
1406 2219 1608 2268 insequenti
1634 2219 1757 2268 specie

150 2282 332 2318 nominum
361 2281 694 2317 determinationem
722 2287 886 2318 evertere
913 2281 1069 2317 voluerit
1093 2281 1278 2319 WAch.‚
1305 2292 1348 2315 ea
1369 2292 1450 2315 esse
1466 2278 1617 2320 videtur,
1645 2279 1754 2328 quod,

148 2353 259 2390 quum
286 2341 515 2381 (menemus.
544 2347 666 2376 coitum
691 2341 827 2389 speciei
852 2354 873 2376 a
899 2353 939 2377 se
967 2340 1167 2388 descriptae
1196 2339 1323 2375 ordine
1361 2343 1599 2379 enarraturus,
1639 2349 1756 2386 expo-

150 2399 314 2435 sitionem
341 2399 454 2435 coitus
481 2412 633 2435 araneae
662 2400 861 2449 cujuspiam
894 2400 986 2451 (Ar.
1017 2415 1078 2435 res.
1109 2400 1272 2435 silvestris
1299 2397 1500 2434 secundum
1527 2396 1712 2446 WALCK.)
1738 2409 1759 2432 a

152 2458 209 2494 DE
235 2459 372 2494 Gmmo
397 2457 431 2493 in
454 2459 614 2494 oratione
629 2459 754 2494 factam
783 2459 1137 2500 commemoraverit,
1163 2470 1212 2493 ex
1227 2470 1272 2493 eo
1288 2456 1384 2493 effici
1412 2455 1755 2497 crediditWAch„

151 2531 294 2565 quarum
325 2531 534 2552 aranearum
560 2520 699 2553 cob'tmdi
723 2520 857 2553 modum
884 2524 1106 2567 exposuerint
1132 2523 1318 2566 scriptores
1347 2517 1412 2558 z‘lless,
1452 2530 1508 2551 eas
1538 2520 1640 2550 unius
1667 2520 1756 2562 ejus-

154 2576 287 2623 demque
311 2581 431 2623 speciei
457 2590 532 2611 esse.
563 2599 606 2604 —-
636 2575 847 2612 Orationem
873 2576 978 2615 illam,
1006 2581 1043 2611 ut
1068 2575 1187 2612 habita
1215 2580 1277 2617 est,
1306 2575 1477 2624 equidem
1504 2586 1577 2609 non
1592 2573 1679 2615 vidi;
1707 2585 1756 2608 ex

155 2632 339 2668 (numm
364 2633 483 2668 verbis
510 2646 541 2680 p,
569 2634 616 2668 66
643 2633 789 2682 intelligi
814 2637 933 2670 tamen
961 2639 1093 2683 potest,
1134 2646 1225 2682 quae
1254 2634 1368 2669 oratio
1399 2635 1593 2668 «Discours
1619 2638 1658 2668 2:
1684 2632 1756 2667 Sur
