2435 3188
701 289 782 330 352

647 403 680 432 et
706 398 736 432 in
764 409 793 439 Ὺ.
824 397 910 438 nulli,
938 396 998 431 sed
1026 394 1114 442 apud
1142 393 1226 428 hanc
1255 393 1393 427 sormam
1420 392 1534 426 ramuli
1563 392 1684 427 breves
1712 392 1744 426 in
1772 392 1976 440 pulvinulum
2012 391 2151 427 densum
2178 406 2258 428 con-

647 462 836 504 gregantur.
894 454 1132 502 Phylloclaclia
1166 451 1301 500 podetia
1329 451 1398 486 fere
1425 452 1557 485 omnino
1582 451 1734 498 tegentia,
1761 451 1854 485 basin
1878 463 1996 485 versus
2020 452 2151 491 rariora,
2179 452 2260 486 sub-

647 521 700 550 tus
727 515 828 555 nulla,
851 515 957 561 primo
986 512 1191 559 subglobosa
1221 514 1269 554 (et
1296 509 1458 544 interdum
1488 509 1712 556 podicellata),
1739 511 1989 551 cinerascentia‚
2029 510 2103 544 dein
2143 511 2259 558 appla-

648 581 720 609 nata
741 574 758 608 l.
777 573 884 607 medio
901 573 1072 619 depressa,
1097 571 1254 610 olivacea,
1279 570 1424 616 margine
1443 568 1604 615 pallidiori
1625 569 1924 603 crenulato-lobato
1953 570 2068 603 cincta.
2126 568 2258 617 Cepha-

646 633 737 668 lodia
765 645 881 667 versus
907 632 998 665 basin
1026 629 1237 677 podetiorum
1268 627 1547 675 frequentissima,
1574 628 1779 674 nigricantia,
1812 629 1889 662 satis
1911 641 2045 675 magna,
2074 640 2092 662 e
2121 627 2180 662 filis
2206 628 2256 662 in-

647 691 962 737 tricato-congestis,
991 687 1397 735 olivaeeo-nigricantibus
1424 691 1588 720 contexta.
1640 685 1827 733 Apothecia
1856 700 1935 728 rara,
1959 689 2088 726 minuta,
2114 686 2256 720 lateralia

648 752 665 785 l.
695 764 768 785 raro
794 764 812 784 e
840 748 979 784 sorediis
1006 748 1156 795 capitatis·
1182 746 1431 794 prorumpentia
1457 748 1538 790 (var.
1565 745 1596 779 b.
1623 750 1815 793 capitatum
1843 744 1930 779 Fvv.
1957 744 2010 779 Fl.
2032 745 2126 779 1836
2143 743 2255 780 Beibl.

649 824 680 858 p.
708 811 754 844 54
784 816 815 844 et
842 807 936 842 Licli.
963 806 1020 841 Sil.
1050 820 1081 853 p.
1115 806 1199 841 103:
1231 804 1381 839 ROERB.
1406 804 1423 838 l.
1443 808 1502 849 c.);
1531 803 1643 838 discus
1676 803 1796 844 fuscus,
1824 804 1939 851 planus
1966 804 1984 838 l.
2013 805 2256 838 convexiuscu-

647 869 707 906 lus,
736 869 881 914 margine
909 880 983 900 mox
1011 865 1158 900 excluso.
1215 864 1300 898 Asci
1331 862 1638 910 elongato-clavati;
1670 876 1792 910 spor-ae
1812 876 1926 904 senae,
1952 869 2062 898 rectae
2090 863 2107 896 l.
2137 875 2257 897 curvu-

646 927 714 967 lae,
741 927 1022 973 3—-7—se13tatae,
1058 924 1209 970 utrinque
1235 923 1252 956 l.
1279 923 1349 957 basi
1375 928 1576 962 attenuatae,
1605 921 1912 970 luteolo-hyalinae,
1941 923 2119 963 0,0'21--30
2144 935 2185 956 m.
2215 935 2256 958 m.

647 988 766 1033 longae
794 991 825 1019 et
853 986 1055 1025 Quoisfflffl)
1085 996 1124 1016 m.
1151 995 1190 1015 m.
1219 982 1311 1016 latae.
1367 980 1616 1029 Spermogom'a
1640 980 1788 1015 nondum
1816 981 1923 1015 obvia.

795 1079 891 1115 Obs.
924 1081 951 1113 1.
1006 1076 1194 1111 varietates
1221 1076 1365 1109 omnium
1394 1076 1581 1122 specierum
1610 1075 1702 1121 parvi
1735 1074 1868 1122 quidem
1895 1080 1969 1109 sunt
1998 1075 2169 1115 momenti,
2196 1073 2255 1109 sed

648 1140 780 1174 minoris
819 1140 872 1173 vix
909 1138 1003 1172 ullius
1043 1149 1140 1183 quam
1168 1134 1264 1181 liujus
1292 1135 1427 1181 speciei.
1491 1132 1636 1167 Difficile
1677 1135 1761 1168 enim
1789 1135 1815 1168 si
1843 1140 1891 1168 est
1920 1133 2127 1168 characteres
2155 1146 2257 1180 quos-

647 1198 721 1232 dam
750 1198 903 1237 invenire,
945 1196 1064 1243 quibus
1100 1195 1206 1241 aliqua
1243 1192 1358 1227 saltem
1387 1192 1582 1227 certitudine
1623 1193 1747 1226 illarum
1786 1194 2007 1240 sejungantur,
2032 1193 2061 1226 in
2089 1192 2151 1226 hac
2177 1204 2256 1227 sane

646 1264 697 1292 est
718 1257 953 1291 dillicillimum:
983 1254 1094 1288 formis
1122 1255 1207 1287 enim
1237 1251 1437 1286 intermediis
1465 1251 1550 1286 adeo
1586 1253 1839 1298 conjunguntur,
1871 1258 1903 1285 ut
1934 1265 2008 1285 num
2033 1251 2073 1285 ad
2103 1251 2186 1286 lianc
2216 1264 2256 1285 an

645 1316 730 1349 illam
756 1316 914 1363 plurimae
946 1313 1070 1347 formae
1101 1314 1286 1360 pertineant
1322 1324 1386 1344 non
1422 1324 1483 1358 pro
1512 1317 1604 1345 certo
1634 1312 1740 1358 possit
1768 1310 1928 1344 affirmari.
1985 1309 2059 1348 Qua
2082 1323 2116 1344 re
2145 1309 2255 1345 decla-

645 1376 707 1409 rari
736 1387 870 1421 quoque
898 1378 1025 1420 potest,
1063 1384 1121 1405 cur
1147 1371 1284 1418 plurima
1315 1382 1518 1418 synonyma,
1552 1369 1677 1417 figurae
1715 1375 1747 1404 et
1785 1371 1949 1404 exsiccata
1974 1382 2039 1404 11011
2064 1369 2104 1403 ad
2133 1375 2256 1404 certam

646 1433 810 1481 quandam
837 1433 973 1467 sormam
1001 1431 1099 1465 relata
1130 1431 1209 1470 51111,
1252 1441 1351 1476 quum
1381 1429 1517 1476 insuper
1545 1442 1561 1462 a
1589 1429 1757 1476 plerisque
1785 1429 1975 1463 auctoribus
2003 1428 2087 1462 nulla
2119 1429 2256 1463 varieta-

646 1499 714 1527 tum
742 1493 821 1526 ratio
852 1492 958 1525 11311113
988 1492 1036 1524 511.
1065 1512 1108 1515 -—
1142 1488 1174 1522 A
1201 1489 1320 1523 ceteris
1347 1500 1429 1522 varr.
1459 1500 1489 1529 ·γ.
1511 1487 1733 1535 pulvinarium
1760 1489 1864 1536 magis
1890 1493 1997 1521 tamen
2022 1486 2138 1527 differt,
2165 1486 2256 1535 quod

646 1565 665 1586 e
692 1553 789 1586 variis
817 1549 1061 1585 Scandinaviae
1090 1548 1220 1595 alpibus
1248 1547 1310 1581 sub
1339 1546 1420 1580 salso
1448 1546 1580 1580 nomine
1602 1546 1655 1581 St.
1685 1547 1796 1596 alpini
1817 1547 2024 1582 distributum
2054 1545 2204 1580 vidimus.

798 1640 899 1675 Ohs.
927 1642 959 1674 Q.
1016 1638 1158 1673 lndicata
1189 1651 1324 1685 quoque
1363 1644 1414 1673 est
1450 1637 1532 1673 haec
1572 1639 1678 1686 planta
1714 1652 1755 1674 ex
1791 1638 1959 1673 »Hei-mite.
1986 1637 2132 1679 Islands,
2159 1637 2255 1686 Cape

646 1699 751 1741 Horu,
778 1714 819 1734 on
849 1700 946 1734 rocks
976 1712 1054 1732 near
1074 1697 1126 1731 the
1148 1710 1221 1731 sea«
1257 1704 1289 1730 et
1314 1711 1331 1731 e
1365 1698 1438 1731 »tlte
1468 1696 1626 1732 Mexican
1655 1698 1791 1733 Andes«
1826 1697 1971 1743 (HOOK.
1988 1698 2027 1731 fil.
2044 1696 2096 1731 Fl.
2117 1697 2253 1732 Ant.lI.

644 1774 676 1808 p.
704 1760 803 1804 5253),
832 1765 864 1793 ut
893 1759 988 1793 etiam
1017 1771 1034 1791 e
1070 1755 1239 1790 »Notliern
1282 1756 1409 1790 Islandu
1461 1755 1605 1801 (HOOK.
1637 1756 1688 1792 Fl.
1718 1757 1763 1792 N.
1792 1757 1883 1794 Zeal.
1913 1773 1945 1807 p.
1974 1758 2079 1804 294),
2114 1757 2174 1792 sed
2202 1758 2255 1791 vix

645 1818 869 1859 crederemus,
897 1830 968 1852 eam
998 1822 1060 1850 tam
1089 1815 1151 1849 late
1178 1828 1253 1848 esse
1280 1815 1496 1850 distributam.
1548 1814 1664 1851 Planta
1695 1816 1872 1853 Mexicana
1902 1818 2012 1852 forsan
2040 1816 2081 1851 ad
2108 1816 2160 1852 St.
2184 1815 2254 1850 obe-

645 1891 719 1912 sum
747 1877 857 1911 habitu
887 1888 1077 1922 congruens
1105 1875 1256 1921 pertinet.

796 1955 891 1990 Obs.
921 1955 953 1990 3.
1009 1954 1061 1989 St.
1091 1953 1309 1999 gltwcescens
1335 1953 1459 1989 TUCK.
1486 1954 1631 1988 nonnihil
1659 1954 1764 1990 differt
1793 1955 1902 1990 habitu
1930 1955 2035 1989 alieno
2061 1961 2092 1990 et
2121 1954 2252 2003 phyllo-

644 2015 824 2050 cladiorum
854 2015 968 2049 eximia
995 2014 1137 2052 minutie,
1165 2012 1224 2046 sed
1247 2025 1346 2060 quum
1376 2015 1594 2060 vegetationis
1621 2014 1732 2049 indole
1760 2016 1913 2063 notisque
1943 2015 2144 2062 gravissimis
2173 2027 2253 2048 con-

642 2081 739 2122 gruat
770 2087 877 2122 neque
906 2072 1079 2120 apothecia
1109 2072 1171 2105 sint
1199 2073 1395 2113 observata,
1424 2086 1488 2106 non
1515 2074 1681 2120 potuimus
1709 2087 1774 2108 non
1803 2073 1969 2109 Inventori
2004 2073 2153 2108 assentiri
2188 2072 2253 2107 hoc

643 2147 717 2168 cum
749 2133 800 2169 St.
827 2133 994 2168 denudato
1022 2131 1244 2178 conjungenti.

1168 2259 1183 2274 *
1216 2257 1271 2298 St.
1303 2258 1557 2296 vesanianmn
1589 2256 1728 2310 (Pers.)

792 2354 839 2389 St.
865 2352 1020 2402 podetiis
1045 2351 1236 2401 angulosis,
1264 2350 1424 2390 ramosis
1453 2349 1585 2398 glabris
1611 2349 1631 2384 l.
1662 2349 1777 2397 primo
1805 2347 2013 2384 tenuissime
2028 2345 2250 2387 tomentosis,

642 2413 744 2460 apice
772 2425 844 2447 non
871 2410 1254 2459 soi-ediato-capitatis;
1295 2407 1545 2458 phyllocladiis
1575 2407 1767 2456 praecipue
1802 2419 1927 2442 versus
1961 2405 2082 2454 apices
2116 2417 2251 2455 conge-

642 2471 714 2512 stis,
746 2469 1096 2518 »fusco-punctatis«,
1125 2468 1225 2504 albo·
1253 2468 1273 2505 l.
1308 2465 1742 2516 »flavente«-marginatis,

795 2547 890 2597 Syn.
923 2548 1051 2583 Lichen
1081 2547 1254 2588 saxatilis,
1281 2552 1441 2585 cinereus,
1465 2546 1670 2589 frvticosus,
1702 2542 1847 2576 ramulis
1873 2539 2107 2583 habitioribus,
2138 2545 2251 2575 minus

694 2613 852 2648 ramosis,
892 2608 1071 2642 rac-emulis
1108 2611 1271 2640 seminum
1311 2606 1456 2653 undique
1481 2611 1514 2639 et
1539 2604 1636 2638 dense
1662 2602 1820 2648 referti-9,
1863 2601 2085 2649 receptaculis
2113 2601 2250 2646 florum

691 2665 944 2713 nigricancibus
970 2665 1087 2701 Mlcn.
1111 2664 1155 2700 N.
1180 2664 1267 2699 Gen.
1297 2663 1348 2699 Pl.
1378 2678 1411 2712 p.
1438 2663 1494 2700 78.
