2435 3188
1615 255 1697 298 263

297 364 501 402 meuus
528 363 739 412 (CASPAR)‚
768 364 822 411 qui
857 363 886 398 in
930 363 1090 398 »Pe'naci«
1128 361 1204 396 fecit
1238 363 1360 397 initium
1400 375 1523 410 genera
1564 362 1751 409 diligentins

158 424 396 466 determinandi,
421 424 544 471 primus
574 423 614 457 ad
643 436 750 471 genus
776 421 968 456 Fumariae
992 420 1074 456 duas
1104 434 1207 456 novas
1242 423 1375 468 species
1415 420 1553 455 addidit:
1600 420 1752 454 »Fama-

158 491 245 521 riam
270 483 412 519 viticulis
436 489 469 516 et
492 482 657 529 capreolis
672 482 810 530 plantis
834 485 953 515 vicinis
975 479 1199 520 adhaerens«,
1222 492 1307 527 quae
1333 485 1384 515 est
1412 479 1450 514 F
1448 484 1585 513 umal-ia
1612 493 1752 527 capreo-

156 545 227 580 lata
253 541 291 578 L.
317 547 348 577 et
371 543 421 587 (ut
447 541 636 576 varietatem
671 539 881 574 »Famariae
907 537 1186 587 officinarum«)
1219 538 1446 573 »Fumariam
1479 544 1572 572 circa
1601 552 1753 585 monspe-

157 604 245 642 lium,
259 600 364 647 foliis
392 604 606 639 tenuissimis,
623 597 776 645 floribus
802 597 924 638 albis«,
946 611 1031 646 qnae
1059 604 1110 633 est
1135 597 1174 631 F
1172 602 1310 632 amatia
1331 599 1531 645 parrg'slora
1546 596 1638 632 Lam.
1685 596 1752 631 Ce-

156 669 242 697 terae
267 664 418 708 quattuor
437 659 571 706 species
597 657 803 698 Fumat-iae,
837 670 919 705 quas
956 657 1059 691 attulit
1086 656 1284 697 Baebium,
1325 662 1399 691 sunt
1443 657 1552 703 potius
1593 669 1752 703 generum

156 720 363 766 Platycapm'
388 722 421 751 et
452 716 644 764 Corydalc's.
699 715 824 755 Quarta
851 717 993 764 species,
1022 728 1106 763 quae
1144 721 1195 750 est
1227 715 1421 749 »Famaria
1455 720 1566 749 minor
1580 715 1676 762 solio
1700 714 1753 749 ‹zb-

154 780 247 825 Iongo
274 776 490 825 capillaceo«,
519 789 535 810 a
564 775 614 810 Cl.
641 775 813 810 Parlatore
844 775 977 822 quidem
1006 774 1105 809 relata
1133 781 1183 810 est
1209 774 1250 809 ad
1279 774 1424 809 Famar.
1464 774 1657 814 Γαιῗῖίαηιέιῗ,
1694 773 1752 807 sed

154 839 183 873 in
207 835 342 871 Burseri
369 834 533 876 herbario,
561 833 652 882 quod
681 832 838 882 Upsaliae
867 840 1026 873 servatur,
1054 833 1157 867 soi-ma
1182 833 1345 881 quaedam
1380 833 1591 881 Platycapni
1617 837 1752 881 spicati,

159 895 347 931 »Fumaria
372 898 482 928 minor
495 893 591 939 solio
619 891 756 939 oblongo
784 893 984 941 capillaceo«
1019 891 1127 926 Bauli.
1155 891 1227 927 Pin.
1257 892 1421 940 appellata
1438 893 1589 927 occurrit.
1638 891 1753 926 MAG-

153 963 290 991 NOLIUS
317 954 347 987 in
378 952 507 987 »Horta
541 953 803 1000 filonspeliensi«
842 951 933 987 affert
969 965 1088 986 novam
1127 952 1286 999 speciem,
1330 952 1556 986 »Fumariam
1594 955 1755 997 majorem

141 1011 290 1061 floribus
316 1011 421 1046 dilate
438 1016 670 1059 purpureis«,
702 1024 796 1059 quae,
824 1021 959 1046 auctore
988 1009 1171 1051 Parlatore,
1200 1017 1251 1045 est
1276 1010 1451 1045 Fumaria
1475 1016 1626 1057 agraria
1654 1008 1756 1055 Lag„

153 1071 240 1120 quod
267 1071 441 1119 probabile
475 1076 541 1110 est,
577 1083 677 1118 quum
719 1070 801 1105 baec
844 1071 976 1117 species
1012 1070 1097 1104 circa
1128 1068 1359 1118 Monspelium
1394 1070 1617 1118 vulgatissima
1656 1070 1696 1103 sit
1723 1075 1755 1103 et

153 1129 370 1179 magnitudine
398 1129 514 1164 florum
542 1131 754 1164 attentionem
782 1129 1025 1176 investigatoris
1056 1135 1197 1163 moveat.

294 1220 632 1257 TOURNEFORTIUS
674 1222 705 1256 in
748 1222 987 1256 »Institutione
1026 1226 1075 1255 rei
1115 1219 1313 1255 herbariae«
1364 1227 1399 1255 ut
1433 1221 1582 1256 diversas
1623 1220 1755 1268 species

152 1294 267 1317 omnes
292 1287 325 1316 et
351 1282 483 1329 species
511 1287 544 1316 et
579 1282 753 1316 varietates
789 1287 822 1316 et
855 1293 1039 1329 synonyma
1079 1286 1263 1322 enumerat,
1305 1293 1389 1327 quae
1428 1281 1558 1328 priores
1602 1285 1756 1314 auctores

152 1340 339 1381 attulerunt,
377 1353 486 1388 neque
525 1345 631 1375 tamen
672 1341 746 1388 ipse
785 1339 880 1374 ullam
917 1352 1037 1373 novam
1079 1340 1227 1386 speciem
1260 1338 1359 1373 addit.
1420 1337 1691 1373 VAILLANTIUS
1726 1339 1756 1371 in

156 1400 341 1435 »Βοιωτίου
384 1400 594 1434 Parisiensi«
629 1398 711 1434 duas
745 1412 848 1433 novas
876 1401 1009 1446 species
1038 1398 1145 1433 affert:
1186 1398 1413 1432 »anariam
1441 1396 1522 1432 labis
1552 1402 1756 1433 tenuissimis

141 1457 291 1507 fhribus
318 1459 422 1494 alatis
443 1463 604 1507 paz-zvis«,
634 1471 700 1506 quo
726 1460 868 1499 nomine,
896 1464 1031 1492 auctore
1060 1456 1249 1499 Pau-latore,
1278 1458 1307 1492 in
1333 1456 1487 1492 herbario
1516 1456 1680 1492 Vaillantii
1709 1458 1756 1490 in-

153 1519 278 1554 venitur
302 1517 476 1553 Fumaria
502 1516 698 1552 maruntha
725 1516 827 1565 Lag,
860 1524 892 1552 et
937 1517 1164 1551 »Fumat-iam
1193 1514 1274 1551 labis
1304 1515 1512 1562 longioribus
1539 1524 1571 1551 et
1596 1521 1755 1561 angusti-

152 1576 263 1612 oribus
295 1582 445 1625 sparsis,
485 1589 569 1624 quae
608 1582 658 1611 est
688 1576 863 1611 Fumaria
900 1576 1079 1611 Vaillantii
1105 1574 1198 1610 Lois.
1255 1575 1338 1610 Cum
1366 1574 1530 1623 Magnolii
1563 1575 1757 1609 »Famaria

152 1641 279 1683 majore
306 1634 458 1684 floribus
498 1636 603 1671 dilate
638 1641 849 1683 purpureis«
884 1634 1079 1670 Vaiiiantius
1107 1635 1316 1669 Fumariam
1349 1634 1582 1683 capreolatam
1610 1633 1650 1668 L.
1677 1647 1757 1669 con-

153 1696 296 1743 junxisse
324 1695 460 1736 videtur,
491 1694 530 1730 C.
558 1693 700 1729 Bauhini
729 1694 934 1742 aliorumque
961 1694 1026 1729 huc
1053 1696 1247 1742 pertinentia
1265 1707 1448 1742 synonyma
1471 1695 1590 1731 citans;
1617 1700 1757 1727 attamen

154 1760 186 1790 et
212 1767 253 1790 ex
280 1756 375 1790 icone
404 1761 436 1789 et
469 1767 511 1790 ex
551 1755 742 1801 specimine,
771 1760 906 1789 auctore
948 1753 1131 1795 Pariatore,
1160 1755 1190 1788 in
1225 1752 1390 1788 Vaillantii
1430 1753 1584 1788 herbario
1627 1753 1758 1786 nomine

155 1813 344 1848 Famariae
369 1818 537 1859 agrariae
563 1812 647 1860 Lag.
668 1819 816 1854 servato,
842 1813 936 1849 facile
964 1812 1118 1848 concludi
1145 1819 1267 1860 potest,
1294 1811 1505 1847 Vaillantium
1531 1811 1615 1846 banc
1643 1818 1757 1858 poste-

154 1873 273 1907 riorem
301 1873 446 1920 speciem
476 1878 658 1920 spectasse.
719 1871 795 1910 Qua
822 1873 851 1906 in
890 1886 924 1907 re
961 1886 1025 1907 non
1061 1885 1257 1919 possumus,
1293 1872 1369 1919 quin
1407 1884 1620 1918 quaeramus,
1651 1877 1756 1904 utrum

154 1930 327 1966 Famarc'a
356 1937 504 1977 agraria
527 1930 611 1978 Lag.
643 1938 794 1979 tempore
822 1945 879 1973 eo,
907 1944 974 1979 quo
1002 1932 1080 1965 vixit
1111 1929 1319 1971 Vasslantius,
1348 1931 1433 1964 circa
1467 1928 1631 1965 Lutetiam
1662 1928 1756 1963 Pari-

154 1991 276 2026 siorum
301 1996 492 2025 occurreret
520 1992 608 2038 (eam
638 1991 683 2025 ibi
710 1992 874 2025 inventam
903 2003 989 2031 esse,
1017 1990 1122 2025 nuilus
1152 1988 1283 2024 Auctor
1310 1988 1460 2024 Gallicus
1476 1990 1639 2024 recentior
1655 1995 1755 2023 testa-

155 2052 236 2096 tur),
261 2063 299 2084 an
333 2050 531 2098 exemplaria
566 2050 708 2098 speciei,
752 2062 836 2097 quae
868 2063 884 2084 a
913 2048 1087 2084 Vaillantio
1124 2048 1291 2096 descripta
1320 2054 1394 2083 sunt
1433 2055 1531 2096 atque
1558 2047 1699 2094 depicta,
1725 2048 1755 2081 in

157 2106 263 2143 Gallia
289 2108 491 2144 meridionali
519 2109 601 2144 lecta
630 2114 749 2144 essent.

305 2187 476 2236 Tempore
502 2189 599 2236 igitur
626 2186 777 2223 LINNffir
812 2201 871 2223 sex
899 2188 1031 2235 species
1057 2189 1189 2234 generis
1220 2186 1413 2220 Fumariae
1438 2187 1501 2232 jam
1529 2192 1626 2221 notae
1652 2193 1757 2229 erant,

158 2259 292 2294 quarum
318 2253 425 2282 tamen
453 2253 575 2281 tantum
595 2246 676 2282 duas
693 2248 894 2295 cognovisse
911 2246 963 2281 vel
980 2247 1158 2293 agnovisse
1176 2245 1305 2280 videtur
1330 2245 1526 2286 annaeus,
1550 2245 1758 2281 Fumarium

156 2305 365 2352 qfficinalem
391 2311 424 2341 et
453 2305 662 2340 Fumarium
688 2306 931 2354 capreolatam,
958 2317 1043 2353 quae
1070 2305 1262 2339 Famariae
1296 2304 1354 2350 (ex
1381 2317 1420 2339 ea
1449 2306 1580 2352 generis
1613 2306 1754 2340 circum-

159 2364 351 2411 scriptione,
380 2377 464 2412 quae
491 2364 556 2399 hoc
581 2365 612 2399 in
640 2377 744 2412 opere
772 2370 822 2400 est
849 2365 1038 2412 proposita)
1074 2363 1165 2398 solae
1193 2369 1283 2404 sunt,
1322 2376 1408 2411 quae
1440 2365 1470 2398 in
1499 2364 1658 2411 operibus
1686 2366 1758 2411 ejus

160 2422 370 2458 nominantur.
422 2422 620 2458 LAMARCK
650 2429 758 2458 autem
796 2424 828 2458 in
877 2423 1144 2471 »Encyclopedz'e
1171 2421 1378 2470 methodique
1404 2423 1614 2471 Botanique«
1649 2423 1758 2458 denuo

161 2478 316 2515 describit
344 2480 485 2516 Bauhini
520 2482 749 2517 »Fumariam
775 2487 870 2517 circa
887 2482 1126 2530 Mons-pelium,
1143 2481 1251 2528 foliis
1273 2486 1480 2516 tenuissimis
1494 2480 1647 2528 floribus
1671 2481 1757 2517 albis

161 2550 299 2585 eamque
327 2541 470 2574 nominat
500 2540 706 2576 Fumarium
728 2543 972 2589 parvffloram.
1027 2540 1360 2576 DESFONTAENIUS
1395 2542 1425 2576 in
1469 2540 1596 2576 »Flora
1629 2541 1758 2576 Altan-

162 2601 247 2630 tica«
284 2609 400 2631 novam
423 2600 579 2645 speciem,
605 2599 812 2634 Fumarium
835 2598 1075 2647 corymbosam,
1099 2599 1265 2635 describit,
