2435 3188
719 254 805 295 108

663 360 810 397 nimium
835 359 1044 409 praesertim
1070 358 1242 401 obseura,
1269 358 1336 395 sed
1363 358 1571 408 descriptio,
1597 362 1702 407 atque
1728 370 1785 399 ea,
1810 369 1902 406 quae
1930 357 1976 393 de
2004 356 2097 393 vitae
2123 356 2260 407 degen-

666 419 733 455 dae
767 418 904 455 ratione
940 431 1026 455 suae
1064 431 1217 454 araneae
1253 417 1356 460 dixit,
1397 417 1569 460 efficiunt,
1606 422 1643 453 ut
1669 429 1777 452 nemo
1814 416 2021 452 nostratium
2051 416 2096 451 de
2123 415 2259 464 specie,

666 491 771 528 quam
797 483 877 515 ante
905 478 1031 514 oculos
1057 476 1236 518 habuerit,
1264 475 1426 512 dubitare
1449 476 1570 525 possit.
1623 476 1726 512 Hanc
1752 487 1897 524 quoque
1926 475 2149 517 describere,
2180 474 2262 510 utile

665 537 793 585 putavi.

817 640 967 675 LYcosA
995 636 1149 682 lignaria
1177 634 1382 683 (Clerck.)
1406 656 1451 661 —
1474 634 1586 684 Long.
1613 634 1761 683 7¹s2—9
1786 634 1917 670 millim.
1947 640 2024 679 (2);
2064 633 2211 682 679—7
2224 633 2260 681 ’Ἀρ

894 694 1025 730 millim.
1057 701 1126 740 (2).

752 786 813 819 Syn.
838 782 898 810 vide
920 791 1007 819 supra.
1051 781 1142 809 Adde:

838 832 911 868 Lyc.
935 831 1132 863 (Leimonia)
1154 829 1278 857 blanda
1303 831 1378 857 Koch.
1423 828 1473 857 Die
1497 829 1614 857 Arachn.
1637 829 1690 857 XV
1710 839 1735 867 p.
1760 833 1805 858 21.
1827 831 1890 867 figg.
1917 829 2133 857 1428—1430?

815 913 943 962 Nigro·
971 916 1006 948 et
1038 911 1398 960 cinereo-variegata,
1438 909 1736 959 cephalothorace
1767 911 1888 961 nigro,
1924 910 1959 946 in
1988 910 2098 946 dorso
2127 914 2162 946 et
2185 921 2266 945 ver-

671 987 732 1011 sus
770 972 950 1021 margines
989 970 1365 1019 cinereo—variegatO,
1405 969 1559 1018 pedibus
1599 969 1711 1006 dense
1749 970 1870 1019 nigro·
1904 974 1939 1005 et
1977 969 2267 1005 cinereo—annu-

670 1033 762 1074 latis;
801 1031 983 1067 abdomen
1024 1042 1132 1078 supra
1171 1028 1370 1071 cinereum,
1412 1027 1852 1077 nigro-sub-variegatum,
1900 1029 1983 1064 vitta
2019 1028 2183 1077 utrinque
2221 1027 2270 1063 la-

670 1091 770 1128 terali
808 1090 982 1139 nigriore,
1022 1089 1115 1124 serie
1143 1092 1358 1137 punctorum
1391 1086 1617 1123 albicantium
1647 1087 1784 1136 postice
1812 1087 1989 1129 distincta;
2027 1087 2139 1136 spatio
2163 1087 2273 1123 inter.

667 1152 766 1198 jecto
796 1149 912 1185 antice
949 1148 1087 1184 macula
1125 1146 1428 1188 sub-lanceolata,
1467 1145 1612 1195 nigrore
1636 1145 1716 1195 plus
1746 1146 1862 1183 minus
1887 1146 2083 1196 aequaliter
2109 1145 2270 1187 definita,

672 1214 803 1246 notato.
826 1231 872 1236 —-
897 1216 931 1252 0²
959 1215 987 1248 Ξ·

822 1301 945 1337 Descr.
976 1310 994 1342 2
1025 1302 1079 1336 ud.
1134 1300 1488 1349 Cephalothorax
1525 1300 1722 1341 ob-ovatus,
1758 1300 1857 1341 altus,
1892 1300 1921 1333 in
1958 1298 2059 1334 dorso
2096 1305 2129 1334 et
2157 1311 2274 1334 versus

674 1363 837 1410 margines
865 1361 999 1396 densius
1030 1360 1175 1408 pilosus,
1203 1360 1291 1407 long.
1319 1359 1340 1393 4
1368 1359 1503 1401 millim„
1528 1359 1651 1394 latitud.
1678 1377 1717 1388 Ξ
1755 1361 1790 1406 ³74
1823 1357 2050 1405 longitudinis,
2078 1357 2179 1392 dorso
2207 1357 2275 1392 fere

674 1422 789 1469 planO,
817 1422 900 1456 inter
936 1420 1052 1455 oculos
1081 1425 1234 1466 quattuor
1277 1419 1427 1466 posticos
1460 1417 1678 1459 sub—declivi3
1707 1426 1816 1466 parte
1843 1417 2014 1466 cephalica
2042 1418 2146 1452 antice
2174 1429 2275 1464 angu-

675 1487 772 1522 stata,
795 1480 952 1514 lateribus
979 1485 1011 1513 et
1038 1478 1143 1513 fronte
1175 1477 1522 1525 perpendicularibus,
1549 1477 1663 1512 frontis
1689 1477 1855 1512 altitudine
1883 1476 2143 1511 mandibularum
2172 1476 2277 1523 longi-

676 1540 820 1575 tudinem
848 1539 917 1574 sere
945 1538 1112 1586 aequanti:
1141 1545 1249 1585 parte
1277 1537 1449 1572 thorae-ica
1477 1537 1507 1570 in
1536 1537 1692 1572 lateribus
1723 1543 1755 1572 et
1779 1537 1909 1584 postice
1937 1549 2043 1584 aeque
2071 1535 2204 1576 declivi,
2232 1535 2277 1570 le-

676 1601 759 1634 viter
787 1598 968 1634 rotundata.
1022 1596 1221 1632 Sternum
1251 1596 1366 1637 latum,
1407 1595 1517 1637 ovale,
1557 1609 1716 1643 opacum,
1758 1596 1909 1644 pilosum.
1963 1594 2088 1629 Oculi
2123 1595 2143 1629 4
2171 1599 2279 1629 antici

677 1659 834 1705 (quorum
859 1657 957 1692 medii
984 1659 1126 1703 majores
1154 1662 1243 1696 511111,
1278 1668 1374 1702 quam
1403 1654 1565 1698 laterales)
1593 1656 1711 1690 seriem
1745 1654 1883 1689 formant
1916 1656 2045 1702 postice
2080 1667 2279 1696 convexam,

678 1717 779 1751 multo
807 1717 1012 1756 breviorem,
1043 1729 1140 1763 quani
1169 1716 1271 1749 series
1300 1714 1471 1748 oculorum
1505 1715 1700 1755 mediorum,
1729 1715 1783 1761 qui
1811 1715 1919 1761 magni
1947 1720 2075 1748 suntet
2101 1714 2207 1760 spatio
2233 1712 2281 1747 di-

679 1782 816 1817 stantes,
845 1775 934 1823 quod
959 1775 1070 1823 paullo
1102 1776 1206 1821 majus
1230 1779 1297 1814 est,
1330 1786 1426 1821 quam
1458 1773 1616 1807 diameter
1640 1774 1744 1821 ipsius
1771 1773 1873 1813 oculi;
1894 1778 2023 1821 postici
2049 1773 2149 1807 multo
2176 1774 2280 1807 mino-

679 1849 749 1877 res,
788 1835 957 1870 intervallo
995 1835 1078 1868 inter
1112 1846 1148 1868 se
1183 1833 1356 1873 distantes,
1395 1831 1485 1880 quod
1514 1831 1615 1879 duplo
1645 1833 1748 1878 majus
1782 1838 1847 1873 est,
1881 1844 1977 1879 quam
2005 1844 2071 1879 quo
2100 1832 2206 1880 spatio
2238 1832 2280 1866 ab

680 1894 785 1929 oculis
827 1893 942 1928 mediis
983 1893 1110 1927 distant.
1162 1891 1434 1926 Mandibulae
1476 1891 1787 1939 perpendiculares,
1825 1890 2121 1939 sub-cylindricae,
2155 1890 2280 1925 femore

680 1954 903 2001 angustiores,
931 1951 1097 1986 latitudine
1124 1950 1198 1998 plus
1235 1949 1337 1998 duplo
1365 1950 1551 1997 longiores,
1580 1951 1653 1998 pilis
1686 1951 1891 1998 longioribus
1918 1956 1968 1984 sat
1994 1949 2105 1984 densis
2133 1952 2279 1985 vestitae.

680 2012 886 2048 Maxillae
915 2017 1048 2052 ovatae,
1076 2010 1162 2045 labio
1186 2009 1288 2057 duplo
1314 2009 1497 2057 longiores,
1525 2015 1709 2045 extrorsum
1737 2011 1767 2044 in
1792 2010 1892 2044 latere
1912 2015 1943 2044 et
1960 2010 2054 2057 apice
2072 2009 2280 2050 rotundatae,

681 2073 775 2120 apice
814 2073 900 2106 intus
938 2071 1072 2118 oblique
1114 2069 1355 2104 sub-truncato.
1408 2067 1581 2103 Labium
1620 2068 1912 2117 sub-quadratum,
1954 2069 2024 2103 basi
2062 2081 2142 2104 vero
2170 2068 2281 2109 latius,

682 2133 776 2180 apice
817 2131 1098 2170 sub-truncatum,
1140 2127 1307 2163 latitudine
1348 2128 1449 2163 basali
1484 2141 1550 2162 non
1584 2128 1724 2176 longius.
1777 2127 1898 2175 Palpi
1930 2128 2084 2174 graciles,
2124 2127 2220 2174 pilosi
2248 2134 2280 2162 et

681 2191 822 2240 spinosi,
858 2197 963 2238 parte
995 2188 1166 2237 patellam?
1201 2188 1276 2235 plus
1309 2187 1411 2235 duplo
1442 2188 1616 2229 breviore,
1656 2201 1752 2235 quam
1787 2186 1911 2227 tibiali,
1946 2194 2055 2234 parte
2082 2186 2206 2221 tarsalc'
2231 2186 2280 2221 his

682 2250 811 2285 duabus
839 2249 1023 2295 conjunctis
1056 2248 1225 2288 breviore,
1262 2248 1390 2295 apicem
1421 2260 1537 2282 versus
1565 2248 1618 2281 vix
1646 2251 1834 2293 angustata,
1860 2246 1987 2280 obtusa.
2040 2244 2182 2280 Pedes
2209 2246 2280 2280 lon-

681 2310 822 2357 gissimi,
854 2308 1012 2355 graciles,
1041 2307 1258 2355 proportione
1286 2306 1395 2348 solita,
1422 2311 1540 2353 quarti
1564 2306 1651 2353 paris
1676 2304 1953 2352 cephalothorace
1980 2304 2069 2351 4:plo
2096 2304 2279 2352 longiores,

676 2372 789 2416 primi
814 2367 889 2414 plus
916 2365 1025 2414 3:plo;
1064 2366 1139 2413 pilis
1166 2366 1313 2413 setisque
1341 2366 1464 2406 vestiti,
1505 2365 1694 2411 aculeisque
1722 2363 1919 2410 longissimis
1947 2365 2076 2404 armati,
2102 2365 2156 2411 qui
2183 2377 2279 2412 prae-

683 2428 794 2461 sertim
821 2426 883 2460 sub
914 2426 998 2460 tibiis
1029 2431 1061 2460 01
1087 2425 1270 2459 metatarsis
1301 2423 1423 2471 pedum
1450 2424 1629 2457 anticorum
1656 2422 1824 2469 longiores
1854 2428 1943 2464 sunt,
1970 2436 2067 2470 quam
2092 2423 2122 2457 in
2148 2423 2280 2471 reliquis

684 2485 780 2532 hujus
808 2484 940 2532 generis
970 2483 1082 2517 formis
1108 2482 1220 2532 (Lyc.
1248 2482 1399 2517 silvicola
1435 2480 1558 2516 Sund.
1595 2480 1734 2515 fortasse
1762 2483 1935 2530 excepta),
1968 2482 2150 2517 metatarsis
2176 2483 2281 2529 quarti

684 2545 773 2591 paris
804 2544 880 2577 tibia
918 2555 990 2577 cum
1024 2542 1144 2589 patella
1177 2541 1393 2589 longioribus.
1449 2539 1669 2575 Abdomen
1703 2553 1856 2587 parvum,
1898 2540 2174 2588 cephalothorace
2210 2540 2281 2588 ple-

685 2614 823 2650 rumque
851 2602 971 2640 minus,
998 2600 1066 2636 fere
1095 2600 1205 2642 ovale,
1233 2601 1362 2648 postice
1390 2606 1497 2635 tamen
1525 2599 1634 2648 paullo
1659 2599 1767 2642 latius,
1792 2599 1912 2635 latitud.
1933 2619 1971 2629 z
1992 2598 2030 2647 34
2062 2599 2281 2647 longitudinis.
