2435 3188
1630 268 1711 309 259

173 390 253 422 sunt
279 379 442 419 contorti:
469 383 584 414 tamen
613 377 647 413 in
675 376 745 413 hoc
770 388 906 421 genere
935 387 1139 423 numquam,
1168 379 1205 410 ut
1230 374 1265 409 in
1292 374 1470 410 nonnullis
1498 373 1662 410 affinibus
1690 375 1764 420 (ex.

176 456 226 490 gr.
253 442 423 480 Ammaia,
458 437 716 487 Cysticapuosj,
740 436 823 471 folia
849 436 883 471 in
917 435 1054 471 cirrhos
1083 445 1191 469 veros
1210 432 1418 470 formantur.
1471 432 1628 481 Stipulae
1655 432 1767 466 omni-

177 515 223 538 no
253 501 388 536 desunt.

323 552 672 592 Inflorescentia
699 555 753 588 est
779 552 989 601 ccntripeta,
1024 562 1230 591 racemosa,
1266 548 1302 585 id
1330 549 1429 599 quod
1459 551 1533 597 jam
1573 549 1663 591 dixi,
1700 555 1768 586 ter-

178 616 324 655 minalis;
350 611 464 648 rachis
494 611 570 646 fere
610 616 826 659 pentag0na3
855 610 1021 659 pedicelli
1054 614 1135 646 sunt
1169 608 1245 644 sere
1272 612 1420 650 teretes,
1448 608 1483 643 in
1509 608 1610 656 apice
1637 608 1765 644 incras-

176 676 253 716 sati,
280 673 488 722 plerumque
524 668 723 704 brevissimi
751 669 802 716 (in
830 671 1005 705 Fumaria
1032 668 1228 717 corymbosa
1263 667 1340 703 sola
1379 666 1549 716 elongati,
1598 667 1692 702 unde
1718 668 1769 703 in-

176 730 395 770 florescentia
422 729 497 764 fere
527 727 773 776 corymbosa).

320 790 534 824 Bracteae
560 799 700 834 parvae,
726 791 862 826 tenues,
893 785 1201 826 membranaceae,
1220 797 1332 820 nervo
1349 784 1549 820 virescente
1567 784 1767 822 instructae.

175 850 329 894 integrae
358 846 413 882 vel
437 846 550 881 rarius
576 845 611 880 in
637 845 739 893 apice
768 845 1012 886 denticulatae,
1040 844 1084 879 ad
1113 844 1212 879 basin
1248 856 1329 879 cum
1356 843 1540 891 pedicellis
1575 843 1769 892 aliquantu-

175 894 452 945 lum—connatae,
481 903 695 952 positionem
724 904 876 940 eandem
907 905 997 953 (Ἃ),
1028 915 1133 952 quam
1162 903 1254 944 folia,
1285 902 1425 938 habent.

322 963 482 1000 Flores
516 963 629 1011 parvi,
668 963 724 998 vel
751 963 836 1005 albi,
860 962 916 998 vel
945 962 1058 1004 rosei,
1086 962 1143 997 vel
1171 961 1358 1010 purpurei,
1388 961 1445 997 vel
1473 960 1708 1002 subviolacei,
1736 961 1770 996 in

174 1029 262 1061 statu
290 1022 449 1072 perfecto
479 1034 527 1057 ex
553 1021 787 1070 sequentibus
815 1021 1013 1057 consistunt
1036 1021 1212 1069 partibus:

324 1080 501 1129 Sepalis
528 1079 688 1121 duobus,
726 1080 861 1128 parvis,
890 1079 1193 1121 membranaceis,
1225 1091 1305 1115 cum
1330 1078 1474 1114 bractea
1500 1078 1770 1119 alternantibus,

249 1153 360 1176 nervo
390 1139 505 1180 unico,
533 1139 639 1180 tenui,
666 1139 866 1175 virescente
892 1139 1080 1180 instructis,
1106 1138 1255 1179 aveniis;
1292 1138 1337 1173 ad
1364 1137 1465 1173 basin
1494 1137 1583 1172 infra
1607 1137 1771 1172 insertio-

248 1211 330 1235 nem
355 1198 538 1247 productis
568 1205 603 1233 et
629 1197 840 1247 plerumque
870 1197 1101 1233 circumcirca
1129 1197 1371 1247 irregulariter
1398 1196 1558 1232 dentatis.

323 1257 491 1293 Petalis
518 1259 551 1298 4,
580 1269 734 1305 quorum

324 1317 501 1365 Superius,
528 1315 585 1351 vel
612 1314 746 1351 rachidi
774 1317 990 1363 proximum,
1019 1314 1064 1349 ad
1091 1313 1190 1349 basin
1217 1317 1272 1349 est
1297 1313 1425 1349 obtuse
1443 1314 1656 1349 calcaratuln
1675 1324 1773 1348 cum-

252 1387 320 1424 que
353 1375 475 1423 petalis
505 1374 735 1410 interioribus
776 1379 967 1409 comiatum
999 1378 1034 1409 et
1060 1385 1139 1408 cum
1175 1372 1351 1422 phalange
1382 1373 1569 1409 staminum
1610 1371 1773 1420 opposita

250 1433 464 1475 cohaerens,
492 1433 630 1482 apicem
656 1446 782 1469 versus
810 1432 880 1468 hoc
908 1432 1063 1480 petalum
1091 1444 1247 1480 superne
1275 1437 1329 1468 est
1354 1444 1466 1467 nervo
1494 1431 1543 1467 ibi
1566 1431 1771 1471 incrassato,

251 1492 362 1533 vin-idi,
389 1492 600 1542 gibbosuim
630 1492 809 1542 margines
838 1491 943 1539 hujus
970 1490 1069 1540 gibbi
1090 1495 1171 1526 sunt
1198 1491 1278 1539 plus
1306 1491 1469 1527 minusve
1506 1490 1573 1533 lati,
1612 1494 1773 1539 patentes

251 1551 306 1587 vel
333 1551 469 1588 reflexi.
534 1553 693 1588 Patalam
726 1553 876 1598 inferius
914 1550 1127 1599 plerumque
1172 1555 1226 1586 est
1259 1550 1563 1595 angustissimum,
1598 1548 1773 1584 canalicu-

250 1610 356 1646 latum
384 1610 439 1646 vel
467 1623 578 1646 nervo
604 1610 640 1646 in
667 1610 768 1659 apice
796 1614 1014 1645 excurrente
1037 1609 1231 1645 carinatum
1260 1613 1294 1645 et
1318 1609 1456 1645 inferne
1495 1608 1704 1658 gibbosum,
1741 1610 1774 1642 at

251 1669 389 1705 calcare
418 1675 530 1711 caret;
557 1670 712 1718 petalum
741 1669 809 1705 hoc
836 1669 983 1704 omnino
1014 1673 1068 1704 est
1096 1668 1249 1703 liberum
1277 1672 1312 1704 et
1338 1681 1447 1716 saepe
1473 1667 1555 1704 labii
1583 1667 1692 1702 instar
1714 1677 1773 1713 pa—

254 1732 341 1770 tens,
373 1728 469 1777 quod
497 1729 640 1777 quidem
669 1728 724 1764 vel
754 1729 879 1777 petalis
908 1727 1136 1763 interioribus
1163 1727 1316 1763 curvatis
1333 1727 1388 1763 vel
1405 1727 1519 1762 fructu
1544 1728 1774 1762 accrescente

253 1787 412 1823 efficitur.
464 1789 635 1824 Interiora
664 1787 736 1823 duo
773 1787 818 1823 ad
848 1787 947 1823 basin
980 1792 1062 1822 sunt
1090 1792 1239 1835 angusta
1265 1786 1387 1835 ibique
1415 1798 1495 1821 cum
1523 1785 1640 1834 petalo
1669 1795 1774 1831 supe-

255 1846 350 1882 riore
378 1851 537 1888 connata,
565 1846 703 1895 apicem
731 1859 856 1882 versus
871 1846 994 1882 latiora
1010 1850 1091 1882 sunt
1106 1850 1141 1881 et
1155 1845 1274 1881 nervis
1292 1844 1404 1880 tribus
1424 1844 1592 1893 praedita,
1621 1854 1774 1892 quorum

254 1904 382 1953 singuli
408 1904 563 1954 singulas
590 1904 699 1953 plicas
726 1905 781 1940 vel
809 1905 946 1940 carinas
963 1904 1135 1946 efficiunt,
1164 1917 1314 1953 <piarum
1330 1904 1470 1940 medius
1484 1903 1595 1939 multo
1611 1904 1726 1949 major
1742 1905 1775 1935 ct

256 1963 366 2013 magis
392 1964 598 2012 prominens
625 1969 693 2005 est;
719 1964 754 2000 in
781 1963 891 2000 latere
921 1963 1090 1999 interiore
1118 1962 1207 1999 haec
1231 1963 1346 2012 petala
1373 1968 1455 1999 sunt
1476 1963 1691 2012 aliquantum
1711 1971 1774 1995 ex-

257 2027 386 2063 cavata,
412 2035 503 2071 quae
530 2023 717 2058 excavatio
743 2028 796 2059 est
822 2028 915 2059 tecta
941 2022 1151 2058 membrana
1177 2022 1284 2064 tenui,
1312 2035 1332 2057 a
1357 2022 1486 2058 lamina
1501 2021 1606 2070 petali
1627 2023 1773 2055 secreta.

256 2081 357 2117 Haec
384 2080 591 2116 membrana
620 2081 738 2117 nervis
763 2082 910 2117 omnino
938 2087 1049 2123 caret,
1078 2081 1236 2130 ideoque
1262 2093 1335 2116 non
1361 2093 1519 2129 possum,
1548 2081 1775 2115 Bssnmmnm

257 2152 427 2189 sequenS,
469 2152 547 2175 eam
581 2152 646 2188 pro
682 2140 839 2176 staminis
875 2141 1078 2177 rudimento
1106 2139 1258 2181 habere,
1288 2139 1354 2175 sed
1382 2144 1514 2175 tantum
1542 2151 1607 2187 pro
1636 2137 1777 2186 epider-

259 2198 353 2234 mide
381 2199 486 2246 petali
511 2199 630 2234 lateris
657 2199 834 2235 interioris
861 2212 881 2235 a
908 2197 1188 2247 parenchymate
1214 2198 1337 2234 soluta.
1390 2199 1428 2234 ln
1457 2197 1558 2246 apice
1592 2196 1680 2232 haec
1715 2207 1777 2244 pe-

256 2257 323 2293 tala
348 2262 428 2292 sunt
457 2256 684 2293 cohaerentia
713 2271 822 2294 succo
848 2258 1026 2308 glutinoso
1060 2255 1104 2293 ab
1138 2256 1223 2305 ipsis
1252 2262 1419 2299 excreto,
1449 2269 1521 2292 non
1546 2262 1664 2292 tamen
1691 2266 1778 2290 vere

259 2320 419 2352 connata.

332 2373 371 2409 In
395 2373 570 2410 alabastro
598 2379 715 2422 partes
741 2374 927 2424 perianthii
957 2374 1026 2410 hoc
1055 2373 1181 2409 ordine
1206 2378 1287 2409 sunt
1313 2373 1520 2423 dispositae:
1550 2371 1677 2420 Sepala
1699 2373 1779 2406 sunt

263 2430 426 2468 bracteae
455 2439 490 2469 et
512 2432 646 2469 rachidi
676 2434 856 2482 opposita;
896 2434 1012 2483 petala
1053 2432 1235 2469 exteriora
1274 2431 1403 2469 dextra
1441 2432 1615 2480 laevaque
1654 2429 1778 2478 posita,

264 2489 407 2532 Valvata,
431 2491 614 2527 includunt
649 2492 833 2532 interiora:
859 2493 1014 2542 petalum
1041 2492 1253 2528 calcaratum
1291 2504 1386 2527 nunc
1414 2490 1660 2530 dextrorsum,
1686 2499 1780 2523 nunc

265 2547 503 2585 sinistrorsum
531 2555 584 2585 est
610 2550 766 2598 positum
793 2550 828 2586 in
866 2551 997 2587 eodem
1039 2563 1194 2593 racemo,
1233 2550 1298 2586 sed
1324 2550 1522 2600 pedicellus
1561 2561 1600 2585 se
1638 2558 1782 2595 semper

266 2609 415 2654 torquet,
443 2613 480 2643 ut
506 2607 574 2643 hoc
601 2610 756 2657 petalum
784 2622 991 2659 supremum
1015 2610 1134 2648 locum
1159 2613 1287 2645 teneat.
