2435 3188
685 258 741 300 52

633 364 725 401 inter
749 363 914 400 inimicos
933 363 1006 411 jam
1036 362 1296 412 composuisse,
1326 366 1361 398 et
1386 360 1666 398 el-Ikhschidum
1694 374 1818 398 mense
1846 360 2051 409 Djumadae
2076 361 2240 410 ejusdem

634 423 715 460 anni
743 421 1139 471 (Februario—Martio
1158 422 1247 471 940)
1274 421 1309 457 in
1338 422 1546 471 Aegyptum
1574 421 1722 457 domum
1750 420 1910 456 rediisse.
1963 421 2149 470 Utcunque
2165 421 2238 462 erit,

631 483 762 519 foedus
790 495 863 518 non
890 481 950 516 diu
972 481 1144 517 mansisse
1174 481 1258 516 satis
1285 484 1431 516 constat.
1486 479 1575 515 Nam
1602 479 1777 528 Ibn-Raiq
1798 492 1922 515 mense
1940 479 2139 516 Schaabani
2157 492 2240 528 pro-

633 542 734 578 ximo
753 540 1044 589 (Majo—Junio)
1060 551 1191 574 novam
1220 539 1255 574 in
1283 539 1373 574 fines
1392 538 1550 587 Aegypti
1568 538 1838 587 expeditionem
1855 538 2021 587 suscepit.
2051 539 2133 583 Quo
2152 551 2241 574 nun—

631 601 679 637 tio
707 601 827 637 audito
855 597 1075 635 el-Ikhschid
1103 597 1226 645 copias
1243 597 1378 637 eduxit,
1406 602 1440 632 et
1467 596 1526 632 die
1551 597 1645 632 262ta
1668 596 1774 644 hujus
1796 597 1930 633 mensis
1954 597 2029 644 (die
2052 598 2106 634 7:e
2128 597 2239 646 Junii)

635 660 682 696 ad
707 658 958 699 el-Arischam,
986 656 1052 698 vel,
1082 661 1118 692 ut
1145 655 1201 691 alii
1219 655 1361 697 malunt,
1390 655 1436 691 ad
1464 654 1657 703 el-Ledjun
1683 655 1882 705 (Megiddo,
1906 656 2154 692 Romanorum
2172 656 2240 691 Le-

631 719 709 768 gio)
736 718 832 753 acies
853 728 1072 761 congressae
1097 721 1179 751 sunt
1201 714 1358 750 hostiles.
1414 714 1625 750 Certaminis
1650 714 1750 749 initio
1774 715 1828 750 ala
1853 714 2086 751 el-Ikhschidi
2115 715 2242 751 dextra

629 777 797 817 funditur,
827 776 912 811 dum
939 775 1016 823 ipse
1040 774 1116 810 dux
1143 774 1178 809 in
1206 774 1327 809 medio
1351 773 1492 823 agmine
1518 773 1687 809 immotus
1711 778 1831 809 manet
1856 778 1891 809 et
1917 778 2047 810 tantam
2062 774 2098 810 in
2117 773 2240 809 hostes

630 836 713 872 facit
740 834 1028 883 impressionem,
1055 837 1100 875 ut,
1129 833 1246 868 multis
1266 845 1393 868 eorum
1411 832 1535 874 caesis,
1566 832 1781 881 quingentos
1810 832 1924 880 capiat
1939 833 2107 881 captivos.
2137 833 2238 868 Post-

630 907 735 944 quam
757 893 948 930 el-Husein
975 892 1082 928 frater
1109 891 1340 928 el—lkbschidi
1368 892 1403 927 in
1431 904 1549 940 pugna
1576 891 1764 932 ceciderat,
1792 891 1828 926 in
1853 895 1967 927 castra
1986 892 2162 941 utrimque
2183 904 2235 927 re-

629 953 732 989 ditur.
787 954 881 988 Tum
908 951 1084 1000 lbn-Raiq
1113 952 1341 992 Damascum,
1375 950 1593 986 el—Ikhschid
1617 963 1705 986 vero
1735 950 1947 985 el-Ramlam
1982 963 2061 986 cum
2094 950 2239 1000 captivis

628 1012 827 1053 contendit,
867 1016 902 1047 et
932 1011 1039 1055 legati
1069 1011 1114 1046 de
1154 1023 1243 1059 pace
1282 1009 1439 1046 ineunda
1469 1010 1565 1045 missi
1593 1014 1682 1045 sunt.
1737 1009 1911 1058 Ibn—Raiq
1938 1008 1985 1044 ob
2014 1022 2159 1044 caesum
2186 1008 2235 1044 el—

626 1071 829 1106 Huseinum
852 1076 1022 1112 moestus,
1049 1070 1159 1105 filium
1187 1068 1430 1104 Muzahimnm
1458 1082 1540 1104 cum
1566 1068 1688 1104 litteris
1716 1068 1851 1103 doloris
1870 1068 2082 1104 testificandi
2107 1080 2232 1104 caussa

626 1129 765 1178 scriptis
790 1130 835 1165 ad
854 1128 1136 1165 el-Ikhschidum
1162 1128 1262 1163 misit.
1321 1128 1543 1163 Asseverans
1569 1141 1608 1163 se
1634 1127 1740 1174 hujus
1756 1127 1821 1162 viri
1836 1131 1988 1163 mortem
2006 1139 2233 1176 nequaquam

625 1188 792 1230 voluisse,
823 1188 933 1224 filium
961 1188 1138 1236 piaculum
1166 1187 1300 1228 obtulit,
1329 1191 1365 1222 ut
1390 1200 1456 1235 pro
1485 1193 1628 1222 mortuo
1654 1199 1790 1234 poenas
1816 1186 1924 1222 daret.
1966 1187 2079 1232 Tanta
2107 1186 2236 1235 pietate

625 1252 744 1283 motus
771 1246 991 1283 el-Ikhschid
1018 1246 1261 1282 Muzahimum
1289 1246 1445 1296 benigne
1476 1251 1669 1294 exceptum
1696 1245 1741 1280 ad
1762 1250 1895 1293 patrem
1915 1244 2116 1281 honorifice
2130 1245 2236 1281 remi-

625 1307 677 1348 sit,
706 1311 740 1342 et
768 1319 840 1355 pax
866 1320 909 1342 ea
937 1306 1144 1342 conditione
1172 1306 1263 1341 inter
1289 1317 1353 1340 eos
1381 1305 1556 1346 convenit,
1586 1310 1621 1340 ut
1647 1304 1833 1353 Ilm-Raiq,
1863 1304 2039 1340 el-Ramla
2067 1309 2231 1353 excepta,

626 1378 718 1414 quae
748 1365 980 1401 el-lkhschidi
1009 1370 1113 1407 esset,
1142 1369 1251 1400 totam
1278 1364 1448 1399 retineret
1469 1363 1621 1412 Syriam,
1649 1369 1683 1399 et
1711 1364 1899 1412 quotannis
1914 1368 2058 1399 centum
2088 1368 2122 1399 et
2150 1376 2235 1412 qua—

626 1425 786 1474 draginta
822 1425 929 1460 millia
966 1437 1160 1460 aureorum
1186 1424 1230 1459 ab
1257 1422 1501 1458 el—Iklischido
1530 1422 1719 1471 acciperet.
1786 1423 1968 1472 Utrimque
1998 1422 2126 1470 captivi
2153 1421 2234 1458 red-

625 1483 685 1519 diti
711 1488 800 1519 sunt.
855 1484 1012 1519 Annales
1041 1483 1186 1532 quidem
1222 1482 1354 1517 arabici
1393 1482 1497 1517 etiam
1539 1481 1584 1517 de
1621 1481 1686 1516 hac
1724 1494 1762 1517 re
1790 1481 1894 1517 valde
1923 1482 2134 1529 discrepant.
2188 1482 2235 1516 At

624 1555 669 1578 ne
690 1544 787 1589 justo
809 1543 952 1589 longior
967 1548 1087 1578 nostra
1103 1542 1146 1578 sit
1170 1541 1335 1581 narratio,
1354 1541 1514 1589 legentes
1537 1540 1582 1576 ad
1603 1540 1898 1576 commentarium
1924 1540 1963 1576 cl.
1982 1541 2234 1576 Dssrssswffiflm

622 1602 816 1652 (Me'mom
843 1617 905 1637 sur
935 1603 979 1637 les
1005 1603 1126 1637 Emirs
1149 1602 1336 1640 el-Ome'ra,
1361 1612 1439 1649 pag.
1458 1600 1505 1634 46
1520 1602 1638 1648 sequ.)
1667 1599 1886 1648 ablegamus,
1914 1599 1974 1635 ubi
2003 1600 2121 1635 omnia
2140 1599 2236 1635 bene

623 1660 788 1708 exposita
812 1660 1002 1701 invenient,
1032 1673 1124 1709 quae
1153 1659 1198 1695 de
1226 1659 1278 1695 his
1304 1658 1594 1694 contentionibus
1640 1658 1835 1706 scriptores
1875 1658 2066 1694 retulerint.
2132 1659 2235 1694 Post—

623 1731 729 1768 quam
771 1718 861 1755 haec
897 1725 997 1765 gesta
1037 1724 1146 1761 erant,
1188 1717 1364 1767 lbn-Raiq
1403 1718 1625 1753 Damascum
1667 1716 1736 1759 ivit,
1782 1716 2001 1753 el-Ikhschid
2041 1722 2159 1753 autem
2198 1718 2232 1753 in

622 1778 832 1828 Aegyptum
857 1779 1048 1827 profectus,
1080 1778 1205 1814 urbem
1231 1772 1428 1826 capitalem,
1458 1781 1541 1812 tunc
1568 1776 1899 1817 Misy-‹licta111‚clie
1920 1776 2000 1812 22da
2017 1776 2234 1812 Muharremi

622 1837 702 1872 anni
733 1837 805 1872 329
828 1839 900 1884 (ῗςα
928 1837 1098 1873 Octobris
1123 1838 1211 1885 940)
1239 1836 1387 1878 intravit,
1416 1835 1541 1884 ibique
1562 1835 1682 1883 paullo
1711 1840 1792 1883 post
1816 1835 1975 1871 nuntium
1994 1835 2039 1871 de
2055 1835 2232 1871 el-Radhii

621 1895 773 1931 khalifae
814 1895 913 1931 obitu
946 1895 1065 1944 deque
1092 1895 1206 1931 fratris
1233 1895 1450 1943 el-Muttaqii
1478 1894 1512 1929 in
1540 1894 1728 1942 imperium
1757 1894 1988 1929 successione
2016 1895 2162 1943 accepit,
2200 1900 2234 1931 et

622 1954 726 1989 simul
750 1954 783 1990 ei
810 1954 1006 1990 nuntiatum
1034 1960 1097 1996 est,
1124 1967 1258 1990 novum
1288 1953 1446 1989 tidelium
1481 1952 1675 2001 principem
1714 1953 1974 2001 praefecturam
2013 1953 2172 2002 Aegypti
2200 1954 2231 1989 ei

622 2013 865 2049 confirmasse.

772 2088 945 2137 llJn-Raiq
974 2101 1061 2124 vero
1092 2088 1251 2123 dominio
1279 2092 1486 2137 expugnato
1527 2100 1599 2122 non
1632 2087 1689 2122 diu
1726 2086 1869 2135 gavisus
1897 2092 1964 2128 est,
1994 2100 2102 2136 quum
2137 2100 2230 2123 anno

622 2149 694 2183 :330
716 2147 885 2184 Damasci
913 2160 932 2183 e
960 2147 1027 2182 vita
1056 2147 1270 2183 discederet.
1331 2146 1535 2182 Occasione
1565 2152 1635 2181 tam
1667 2145 1780 2181 fausta
1809 2158 1892 2181 usus
1923 2145 2141 2181 el-Ikhschid
2173 2146 2230 2181 die

621 2208 691 2243 tizta
718 2207 850 2243 mensis
876 2205 1063 2242 Schevvali
1090 2207 1153 2254 (24
1178 2206 1273 2241 Junii
1298 2206 1397 2254 942),
1426 2210 1617 2254 postquam
1645 2204 1881 2240 el—Hasanum
1897 2204 2040 2240 fratrem
2060 2205 2228 2240 vicarium

620 2267 656 2301 in
682 2266 854 2315 Aegypto
893 2265 1098 2314 reliquerat,
1137 2278 1219 2300 cum
1255 2265 1417 2301 exercitu
1458 2264 1676 2299 Damascum
1704 2263 1917 2312 properavit.
1987 2264 2082 2299 Urbe
2114 2263 2228 2299 statim

621 2325 760 2372 potitus,
789 2337 847 2360 res
879 2324 1036 2373 regionis
1063 2326 1096 2359 in
1125 2324 1289 2359 ordinem
1317 2323 1466 2373 redegit.
1521 2322 1817 2358 Muhammedem
1846 2321 2092 2364 ben-chdad,
2126 2335 2226 2370 prae-

620 2383 752 2418 sectum
779 2383 965 2431 lbn-Raiqi
993 2382 1209 2431 aliquamdiu
1242 2383 1276 2418 in
1306 2382 1375 2418 hoc
1408 2394 1558 2417 munere
1586 2381 1736 2416 retinuit.
1802 2380 1875 2415 Sed
1906 2393 1978 2416 non
2010 2381 2120 2417 multo
2149 2387 2230 2430 post

620 2454 703 2477 eum
730 2442 764 2477 in
792 2442 1000 2491 Aegyptum
1026 2441 1177 2476 ablatum
1206 2441 1415 2477 cohortibus
1445 2439 1615 2488 praefecit
1640 2439 1887 2487 praetorianis,
1910 2440 2031 2489 ibique
2056 2453 2134 2476 eum
2151 2442 2225 2487 jain

619 2513 713 2535 anno
742 2501 811 2535 331
843 2499 978 2535 obiisse
1005 2499 1181 2535 novimus.
1235 2500 1318 2535 Hoc
1343 2500 1422 2548 ipso
1450 2511 1544 2534 anno
1561 2497 1823 2534 Kemal-el-din
1847 2499 2044 2534 memoriae
2059 2499 2225 2547 prodidit,

619 2558 901 2594 el-Iklischidum
930 2557 1049 2593 Alium
1076 2557 1282 2599 ben-Khalf,
1309 2558 1369 2607 qni
1394 2558 1428 2593 in
1456 2556 1761 2592 Hamdanidarum
1791 2556 1887 2593 bello
1915 2558 2088 2594 adversus
2121 2571 2223 2606 prae—

616 2618 730 2654 fectos
757 2616 943 2665 Ibn-Raiqi
970 2616 1064 2652 bene
1090 2621 1277 2658 meruerat,
1304 2616 1464 2652 vezirum
1492 2628 1595 2652 suum
1624 2627 1777 2651 creasse.
