2435 3188
177 257 656 313 —fflffiyffi
664 248 1730 320 *QQQQffi4fflQ—

734 770 1208 829 MONOGRAPHIA

620 896 868 933 GENERIS
907 896 1305 933 FUMARIARUM.

881 1061 1060 1086 AUCTORE

799 1144 850 1176 Ο.
880 1143 1152 1175 HAMMAR

745 1202 806 1218 ROT.
826 1202 886 1218 Dov.
906 1203 942 1218 AD
966 1202 1046 1218 ACAD.
1067 1202 1199 1218 LL‘NDENS.

174 1393 305 1456 Quum
339 1408 480 1446 hortum
516 1410 776 1458 Upsaliensem,
807 1410 866 1460 qui
892 1410 945 1446 his
972 1409 1072 1445 annis
1104 1407 1270 1457 auspiciis
1312 1406 1360 1442 Cl.
1394 1406 1514 1443 Eun
1539 1406 1654 1443 FmEs
1681 1406 1769 1442 mire

175 1469 343 1510 effloruit,
368 1481 462 1504 anno
494 1469 588 1504 1853
616 1469 785 1511 viserem,
813 1469 896 1505 satis
932 1469 1051 1505 mirari
1079 1481 1152 1504 non
1181 1466 1281 1516 potui
1308 1465 1488 1515 egregiam
1516 1465 1609 1501 illam
1639 1465 1769 1501 seriem

174 1527 417 1564 Fumariarum
446 1527 633 1569 cultarum,
676 1540 787 1577 quare
821 1528 994 1564 suadente
1034 1527 1222 1563 Praefecto
1261 1525 1419 1566 laudato,
1453 1524 1513 1574 qui
1549 1536 1622 1560 non
1652 1524 1768 1560 solum

174 1586 297 1622 harum
324 1590 458 1635 partem
486 1585 640 1623 herbarii
667 1588 721 1623 sui
748 1587 909 1623 ditissimi
935 1592 1042 1636 atque
1068 1584 1320 1635 elegantissimi
1351 1588 1385 1619 et
1414 1583 1552 1619 semina
1579 1583 1770 1619 liberaliter

176 1645 258 1681 mihi
285 1645 465 1686 offerebat,
494 1645 559 1681 sed
587 1646 690 1682 etiam
719 1659 783 1682 sua
811 1659 921 1695 opera
951 1651 985 1681 et
1013 1645 1131 1681 studio
1160 1643 1352 1685 efficiebat,
1382 1646 1419 1678 ut
1462 1642 1567 1678 etiam
1611 1641 1656 1677 ab
1694 1642 1768 1677 aliis

176 1709 404 1740 externarum
438 1705 595 1753 gentium
630 1705 714 1741 viris
741 1705 954 1741 doctissimis
982 1704 1095 1740 factae
1123 1702 1356 1739 collectiones
1386 1700 1470 1736 mihi
1497 1701 1768 1749 suppeditaren-

174 1767 239 1804 tur,
265 1762 388 1798 harum
415 1762 710 1814 Monographiam
734 1764 895 1800 scribere
922 1763 1097 1799 constitui.
1154 1763 1315 1807 Quarum
1348 1773 1458 1809 quum
1492 1760 1766 1808 descriptiones,

175 1822 205 1858 si
233 1834 323 1871 quae
350 1826 456 1864 erant,
484 1835 556 1858 non
584 1823 650 1858 nisi
678 1822 714 1858 in
743 1823 956 1872 quibusdam
988 1820 1281 1872 ephemeridibus
1308 1823 1476 1855 tractatae
1512 1823 1641 1860 essent,
1675 1831 1767 1867 quae

175 1893 247 1916 non
271 1880 348 1916 sine
376 1893 501 1930 magna
528 1881 732 1918 difficultate
763 1895 783 1917 a
810 1882 970 1930 pluribus
998 1881 1151 1917 obtineri
1178 1884 1358 1929 poterant,
1394 1890 1576 1928 quumque
1610 1877 1676 1913 hae
1705 1878 1767 1913 de-

175 1939 386 1987 scriptiones
426 1952 543 1988 neque
577 1953 620 1976 ea
653 1941 832 1990 diligentia
866 1954 985 1990 neque
1023 1940 1260 1990 perfectione,
1303 1949 1409 1986 quam
1452 1936 1582 1972 nostris
1621 1937 1766 1986 quidem

175 1998 398 2047 temporibus
425 1998 582 2035 definitio
607 2000 809 2048 specierum
847 1999 1055 2035 desiderare
1096 1999 1245 2039 videtur,
1281 2009 1477 2045 expressae
1512 2000 1641 2037 essent,
1682 1995 1766 2031 mihi

175 2069 268 2092 nova
294 2057 357 2093 fuit
385 2069 518 2099 caussa,
546 2069 610 2093 cur
632 2057 677 2093 ad
702 2057 794 2094 hanc
828 2071 905 2094 rem
940 2058 1142 2104 diligentius
1176 2056 1395 2093 tractandam
1422 2055 1651 2104 adgrederer.
1705 2055 1766 2090 Ad

174 2117 242 2151 hoc
269 2116 495 2165 probandum
521 2116 604 2152 satis
630 2117 695 2152 erit
720 2117 891 2158 attulisse,
936 2106 1189 2165 synonymiam
1227 2114 1330 2150 valde
1369 2126 1452 2149 esse
1485 2112 1629 2148 dubiam
1659 2117 1765 2162 atque

174 2174 352 2217 incertam,
383 2187 452 2224 qua
478 2175 523 2210 de
548 2187 587 2210 re
614 2174 707 2217 mihi,
739 2175 908 2212 uberiora
942 2174 1105 2211 herbaria
1130 2173 1337 2222 inspicienti,
1366 2184 1454 2207 mox
1490 2171 1763 2220 persuadebam.

174 2233 360 2269 Neminem
397 2234 498 2283 fugit,
534 2233 594 2282 qui
624 2234 767 2283 quidem
795 2234 901 2282 hujus
937 2233 989 2269 rei
1028 2233 1160 2281 peritus
1198 2232 1256 2273 sit,
1298 2229 1594 2280 Monographiam
1621 2231 1764 2277 generis

175 2303 268 2327 anno
299 2294 391 2328 1842
420 2305 440 2328 a
467 2293 516 2328 Cl.
543 2292 638 2329 Prof.
668 2293 849 2329 Parlatore
876 2305 957 2329 esse
990 2292 1135 2332 editam3
1180 2303 1261 2326 cum
1302 2294 1419 2325 autem
1452 2289 1544 2325 hanc
1570 2288 1764 2339 Monogra-

177 2350 290 2398 phiam
316 2351 564 2401 perlegissem,
592 2364 671 2388 eam
698 2352 815 2388 multis
842 2352 877 2388 in
905 2351 1014 2387 rebus
1049 2362 1151 2386 meae
1185 2349 1380 2385 sententiae
1417 2361 1498 2384 esse
1532 2349 1762 2391 contrariam,

179 2413 213 2444 et
241 2414 434 2457 praeterea,
462 2423 542 2446 cum
570 2411 699 2447 nostris
728 2410 950 2460 temporibus
986 2410 1094 2445 multa
1131 2421 1225 2444 nova
1260 2408 1403 2443 inventa
1433 2407 1509 2449 sint,
1538 2419 1697 2443 mancam
1729 2413 1763 2444 et

177 2465 416 2514 imperfectam
442 2468 677 2506 inveniebam.
728 2469 866 2506 Novam
894 2482 1022 2518 parans
1047 2480 1135 2505 mox
1152 2467 1231 2515 cepi
1246 2466 1383 2517 singula
1407 2466 1577 2515 colligere
1610 2470 1645 2502 et
1674 2465 1762 2503 haec

182 2524 316 2566 onmia,
342 2525 432 2562 inter
468 2539 508 2562 se
537 2527 685 2575 disjecta
724 2533 830 2578 atque
865 2528 1040 2576 dispersa,
1076 2527 1111 2563 in
1140 2526 1303 2563 ordinem
1332 2525 1511 2575 quendam
1537 2524 1704 2574 redigere
1729 2530 1764 2562 et

184 2582 465 2630 exemplaribus,
510 2597 601 2634 quae
637 2586 681 2622 ab
720 2587 964 2625 inventoribus
1004 2591 1103 2623 certo
1146 2585 1291 2623 nomine
1331 2584 1504 2635 appellata
1542 2588 1639 2625 sunt,
1681 2584 1762 2620 dili-

1570 2641 1617 2676 33
