2435 3188
1657 294 1711 333 97⁴

315 401 392 449 Teg.
419 406 620 450 campestris
645 396 779 435 Koch.
807 396 877 434 Die
891 396 1047 434 Arachn.
1069 396 1163 433 VIII.
1191 409 1224 445 p.
1253 397 1311 432 34.
1341 397 1423 446 figg.
1449 395 1647 431 615—616
1670 397 1761 445 opti-

169 472 225 498 me
251 460 388 496 diversa
411 458 551 509 species
577 458 726 499 videtur,
764 469 856 506 quae
883 456 919 492 in
951 456 1081 493 Suecia
1108 454 1270 491 noudum
1297 459 1440 504 reperta
1469 458 1531 490 est.
1585 454 1761 492 Kocmus

168 519 202 556 in
225 531 269 555 eo
292 517 428 559 erravit,
457 517 556 566 quod
583 517 615 553 ei
641 515 828 563 subjunxit
851 516 951 563 Agel.
977 517 1195 552 domesticam
1223 515 1371 556 Sund.‚
1399 526 1492 563 quae
1508 512 1612 561 plane
1632 512 1760 550 eadem

167 581 227 619 est,
253 588 294 612 ac
323 577 515 624 Tegenaria
538 577 720 612 domestica
748 573 953 624 (Clerck.)
981 579 1016 611 et
1040 573 1179 610 Koch.

392 719 451 768 Sp.
480 720 512 755 2.
569 717 969 755 LABYRINTHICUS.
998 731 1031 767 p.
1061 718 1118 755 79.
1146 717 1196 753 Pl.
1225 717 1257 753 2.
1284 716 1354 753 tab.
1383 717 1416 753 8.

247 809 308 843 Syn.
332 809 462 837 Aranea
484 807 724 845 labyrinthica
747 809 819 835 Linn.
842 808 913 844 Syst.
936 807 1001 836 Nat.
1026 807 1076 834 Ed.
1103 809 1146 834 10.
1169 806 1191 834 I.
1214 815 1239 843 p.
1264 809 1330 840 6203
1359 806 1410 833 Ed.
1436 809 1479 833 12.
1503 816 1527 843 p.
1553 809 1637 834 1031.

391 868 404 883 (r
600 868 614 881 «
769 859 801 884 id.
824 856 909 884 Faun.
932 857 1008 884 Suec.
1032 856 1082 884 Ed.
1107 860 1131 884 2.
1155 865 1180 893 p.
1207 858 1272 883 487.

750 906 826 933 Fabr.
848 906 912 934 Ent.
936 906 1007 942 Syst.
1031 906 1068 934 II.
1090 915 1115 943 p.
1140 909 1206 933 418.

487 955 616 993 riparia
639 957 712 983 [λη-η.
736 955 807 992 Syst.
831 956 895 984 Nat.
919 955 968 983 Ed.
997 959 1039 984 10.
1062 955 1084 983 Ι.
1107 965 1131 993 p.
1157 958 1229 988 62ος
1252 954 1303 982 Ed.
1331 957 1374 982 12.
1396 963 1421 992 p.
1449 957 1533 982 1031.

660 1008 692 1032 id.
736 1005 821 1032 Faun.
844 1005 921 1033 Suec.
944 1005 993 1032 Ed.
1017 1008 1043 1033 2.
1066 1015 1091 1042 p.
1116 1007 1182 1033 487.

328 1054 480 1092 Agelena
502 1054 739 1092 labyrinthica
767 1056 861 1081 Walclc.
885 1054 940 1082 Ins.
964 1055 1028 1092 Apt.
1052 1055 1089 1082 ΙΙ.
1113 1064 1136 1092 p.
1163 1057 1206 1081 20.

761 1104 842 1131 Sund.
866 1104 927 1131 Act.
951 1104 1044 1131 Holm.
1071 1107 1155 1132 1831.
1179 1113 1204 1140 p.
1231 1106 1295 1130 129.

767 1154 849 1180 Halm.
872 1153 923 1180 Die
947 1153 1065 1181 Arachn.
1088 1153 1125 1180 II.
1148 1162 1173 1189 p.
1199 1155 1243 1180 61.
1267 1152 1331 1188 figg.
1361 1154 1526 1180 150—151.

767 1204 858 1230 Westr.
882 1203 943 1230 Act.
967 1202 1088 1230 Gothob.
1114 1205 1198 1230 1851.
1222 1211 1247 1239 p.
1272 1205 1318 1229 46.

581 1262 789 1313 [AGELENA
815 1261 856 1298 la
866 1261 888 1298 b
898 1262 967 1311 yri
976 1275 998 1298 n
1010 1261 1073 1298 thi
1084 1275 1104 1298 c
1112 1275 1132 1298 a
1159 1262 1362 1313 (Clerck.)]

317 1357 461 1393 Affatim
488 1356 628 1407 cognita
652 1355 804 1406 species.

395 1494 454 1543 Sp.
483 1495 514 1530 3.
570 1493 878 1530 PALLIDULUS.
904 1507 937 1544 p.
969 1496 1027 1530 81.
1056 1494 1106 1530 Pl.
1134 1495 1168 1531 2.
1197 1493 1267 1530 tab.
1295 1493 1327 1529 7.

250 1583 312 1616 Syn.
336 1584 468 1610 Aranea
492 1582 710 1611 holosericea
732 1584 805 1609 Lmn.
828 1582 900 1619 Syst.
923 1582 988 1610 Nat.
1011 1582 1062 1610 Ed.
1090 1584 1133 1611 10.
1157 1582 1179 1610 I.
1202 1591 1226 1620 p.
1252 1585 1324 1615 (322;
1348 1580 1398 1608 Ed.
1425 1583 1468 1608 12.
1492 1589 1516 1617 p.
1544 1582 1625 1607 1034.

743 1635 776 1659 id.
826 1632 912 1660 Faun.
934 1632 1009 1660 Suec.
1034 1631 1085 1660 Ed.
1109 1635 1134 1659 2.
1157 1641 1182 1669 p.
1207 1635 1273 1659 490.

333 1680 501 1709 Clubiona
605 1693 618 1706 «
725 1682 807 1709 Szmd.
831 1682 892 1709 Act.
916 1681 1010 1710 Holm.
1037 1684 1121 1709 1831.
1144 1691 1169 1719 p.
1198 1684 1260 1709 142.
1283 1683 1381 1713 (sallem
1404 1681 1440 1714 ὅ).

396 1741 409 1756 «
492 1731 694 1760 amarantha
730 1732 825 1758 Walck.
848 1731 904 1760 Ins.
927 1732 991 1769 Apt.
1015 1730 1036 1758 I.
1059 1740 1084 1768 p.
1110 1733 1176 1758 591.

398 1791 411 1806 «
607 1792 620 1806 «
729 1782 812 1808 Halm.
836 1781 887 1809 Die
910 1780 1027 1809 Arachn.
1051 1780 1072 1808 I.
1095 1790 1120 1817 p.
1147 1783 1210 1808 113.
1233 1780 1278 1816 fig.
1303 1783 1348 1807 85.

396 1841 409 1856 «
605 1841 618 1855 α
734 1832 823 1858 Westr.
846 1831 908 1858 Act.
931 1830 1051 1858 Gothob.
1078 1833 1163 1858 1851.
1186 1839 1210 1867 p.
1236 1832 1281 1857 49.

622 1890 840 1941 [CLUfflONA
868 1889 1091 1939 pallidula
1116 1890 1318 1941 (Clerclc)]

315 2005 469 2043 Difficile
496 2007 609 2043 videri
636 2012 754 2056 potest
778 2007 984 2055 dijudicare,
1014 2013 1130 2043 utrum
1151 2006 1334 2043 Clubz'onae
1347 2005 1577 2041 amarantltae
1604 2000 1772 2038 Walck.

172 2077 216 2101 an
247 2065 297 2103 Cl.
325 2066 541 2102 holosericeae
568 2066 623 2101 id.
652 2065 740 2103 haec
765 2066 906 2115 species
923 2066 967 2102 sit
980 2065 1219 2114 subjicienda;
1244 2069 1278 2101 at
1303 2065 1333 2101 si
1361 2065 1543 2102 CLERCKu
1565 2061 1774 2109 descriptio-

172 2124 218 2168 ni,
247 2125 282 2161 in
308 2137 379 2174 qua
405 2125 489 2161 nihil
516 2125 701 2167 invenitur,
728 2125 828 2175 quod
854 2125 890 2161 in
916 2124 1008 2161 hanc
1034 2124 1161 2160 melius
1189 2137 1295 2173 quam
1321 2124 1356 2159 in
1383 2123 1478 2158 illam
1495 2120 1654 2171 quadret,
1683 2120 1774 2155 fides

172 2183 338 2219 habenda
366 2189 429 2226 est,
457 2184 568 2220 verba
594 2186 690 2232 ejus:
731 2186 949 2221 «retinacula
986 2182 1248 2231 (mandibulae)
1276 2184 1525 2232 propemodum
1543 2181 1776 2230 perpendicu-

174 2242 299 2284 laria»,
333 2242 504 2291 imprimis
545 2247 663 2279 autem
703 2246 824 2293 «pedes
852 2249 886 2285 4,
911 2250 942 2285 A,
971 2249 1008 2284 2,
1035 2243 1103 2291 5*)
1131 2242 1294 2277 brevitate
1332 2257 1366 2277 se
1403 2245 1605 2289 excipiunt»
1645 2238 1775 2274 affatim

175 2300 367 2337 ostendunt
395 2325 438 2330 —
468 2302 637 2351 quoniam
652 2304 814 2350 feminas
839 2307 973 2339 tantum
1001 2301 1140 2337 viderat
1167 2322 1213 2328 --
1245 2313 1329 2336 eum
1352 2304 1433 2336 ante
1450 2298 1577 2335 oculos
1609 2298 1658 2334 Cl.
1678 2311 1775 2333 ama-

176 2360 336 2396 rantham
362 2359 539 2403 habuisse,
580 2363 684 2409 cujus
723 2360 1063 2411 eephalothoracem
1101 2359 1217 2395 antice
1255 2358 1368 2409 magis
1408 2361 1632 2408 angustatum
1662 2356 1777 2406 figura

169 2419 334 2467 pallidula·
361 2419 466 2455 etiam
493 2419 650 2456 exhibet.
680 2442 729 2447 —
758 2422 822 2456 Ar.
849 2422 1051 2457 holosericea
1077 2418 1155 2454 Lin
1166 2431 1198 2455 n.
1215 2418 1264 2467 ⁴⁸⁸)
1292 2430 1439 2467 quoque
1469 2416 1622 2454 eandem
1650 2428 1692 2451 ac
1726 2415 1775 2451 Cl.

245 2512 264 2543 ⁸)
283 2511 311 2537 ln
329 2511 430 2538 feminis
451 2513 584 2547 utriusque
604 2514 702 2548 speciei
723 2513 807 2548 pedes
827 2515 900 2548 primi
919 2518 946 2539 et
965 2513 1074 2539 secundi
1095 2514 1164 2548 paris
1185 2512 1277 2538 eadem
1296 2512 1351 2537 fere
1370 2516 1433 2537 sunt
1450 2510 1627 2546 longitudinm
1658 2510 1692 2535 CI.
1710 2510 1778 2535 holo-

179 2557 270 2580 sen'cea
286 2554 408 2579 Walck.
426 2555 509 2588 pedes
529 2560 616 2581 tamen
638 2556 739 2582 secundi
764 2556 835 2590 paris
863 2556 952 2591 paullo
980 2557 1116 2592 longiores
1146 2564 1224 2591 quam
1251 2555 1325 2590 primi
1352 2555 1444 2586 habet;
1471 2554 1496 2580 in
1518 2553 1553 2579 Ol.
1571 2552 1721 2579 amar-amhn
1739 2552 1778 2578 id.

178 2597 338 2630 primiparis
357 2597 498 2630 paullulum
517 2597 650 2632 longiores
670 2602 741 2629 sunt,
760 2607 837 2633 quam
857 2598 974 2624 secundi.

249 2655 277 2687 ⁰)
298 2654 338 2680 De
356 2655 403 2681 Ar.
421 2655 567 2682 holosericea
586 2657 673 2682 Linn.
693 2657 812 2683 videatur
830 2657 902 2683 infra.

1591 2706 1633 2740 13
