2355 3204
637 267 725 309 384

735 375 776 411 In
810 373 902 410 hanc
941 385 1087 423 quoque
1121 375 1332 411 sententiam
1366 374 1470 410 vertit
1496 373 1701 417 Munchius,
1730 376 1833 423 cujus
1860 375 2132 413 emendationes
2156 381 2192 413 et

586 433 917 470 animadversiones
944 445 1040 468 nunc
1065 432 1101 468 in
1123 433 1299 480 judicium
1326 432 1479 469 vocabo.

739 551 769 585 1.
823 546 1085 584 Animadvertit
1120 545 1325 587 Munchius,
1360 545 1446 595 quid
1481 544 1701 594 significetur
1733 545 1836 595 signo
1870 546 1993 582 literae
2027 562 2060 582 m
2093 548 2194 584 vocis

595 609 730 649 Vivam,
757 607 956 643 admodum
976 605 1044 642 sibi
1065 605 1214 642 dubium
1239 604 1362 640 videri.
1418 603 1594 640 Concedit
1620 603 1765 653 quidem
1784 617 1911 653 posse,
1940 605 1969 641 si
1995 607 2192 643 necessitas

589 671 710 717 cogat,
745 667 863 702 Vivam
890 665 976 701 illud
1002 677 1069 714 pro
1097 663 1315 700 nominativo
1341 662 1481 704 haberi,
1517 662 1583 698 sed
1611 662 1729 711 potius
1764 662 1915 700 discedit
1940 665 1975 700 in
2003 678 2082 701 eam
2110 678 2193 702 sen-

588 727 749 768 tentiam,
792 737 919 761 verum
951 736 1085 760 nomen
1119 735 1191 758 non
1224 735 1306 758 esse
1341 722 1408 758 nisi
1452 723 1550 763 Viva,
1588 721 1634 757 ita
1663 726 1699 757 ut
1726 721 1867 771 signum
1895 723 2017 760 literae
2044 724 2136 760 illius
2160 740 2193 760 m

589 790 649 822 aut
673 785 809 821 literam
838 783 985 819 dimidio
1024 786 1172 822 mutam,
1209 786 1268 816 aut
1301 793 1506 831 cognomen
1544 780 1727 829 quoddam
1765 781 1981 830 compendio
2022 783 2192 832 scriptum

589 845 774 895 significet.
827 843 907 892 Ego
936 855 1041 883 vero,
1075 852 1184 889 quum
1212 839 1331 875 literas
1372 840 1560 889 quasdam,
1602 839 1680 887 plus
1715 839 1877 876 minusve
1907 845 2036 881 mutas.
2064 842 2098 877 in
2126 841 2194 878 hac

589 904 709 953 lingua
736 901 885 950 reperiri
912 901 971 936 vix
1007 899 1240 942 crediderim,
1280 898 1346 934 sed
1380 899 1498 947 potius
1538 898 1817 934 existimaverim
1844 898 1977 941 literas,
2007 913 2098 949 quae
2127 913 2192 950 pro

590 962 695 998 mutis
722 960 930 1001 habeantur,
963 957 1199 1007 antiquiorem
1225 957 1366 1006 linguae
1398 962 1548 993 aetatem
1578 957 1749 1006 prodere,
1778 970 1897 1007 neque
1927 958 2029 994 facile
2053 959 2088 995 in
2113 973 2192 995 eam

590 1021 797 1071 opinionem
831 1018 998 1059 adducar,
1045 1021 1082 1052 ut
1124 1029 1329 1066 cognomen
1373 1016 1518 1065 aliquod
1557 1015 1627 1052 hoc
1668 1016 1751 1052 loco
1780 1017 1998 1065 compendio
2024 1018 2194 1067 scriptum

589 1085 721 1129 putem,
749 1091 814 1127 pro
851 1079 968 1114 Vivam
996 1076 1056 1112 illo
1084 1075 1260 1112 substituo
1297 1077 1452 1117 Vivama,
1483 1079 1647 1111 mutuans
1674 1088 1693 1110 a
1719 1075 1884 1124 sequenti
1912 1075 2091 1112 vocabulo
2119 1076 2195 1113 lite·

589 1151 665 1175 ram
691 1153 729 1180 a,
757 1149 848 1186 quae
882 1136 988 1185 igitur
1027 1135 1080 1171 bis
1114 1134 1222 1170 scribi
1250 1134 1382 1170 debuit.
1436 1134 1517 1170 Alia
1543 1133 1752 1182 hujusmodi
1780 1135 1947 1183 exempla
1975 1134 2065 1171 infra
2090 1148 2195 1184 repe-

591 1197 662 1234 ries
682 1200 721 1245 ¹).
776 1195 886 1240 Quod
912 1194 958 1230 ad
990 1195 1131 1230 Vivama
1158 1194 1294 1235 attinet,
1323 1206 1412 1242 pura
1438 1193 1543 1229 etiam
1571 1194 1657 1229 haec
1685 1192 1891 1228 nominativi
1910 1193 2055 1229 Gothioi
2079 1194 2195 1231 forma

591 1262 659 1298 est,
687 1255 731 1292 ab
756 1254 854 1290 initio
884 1253 1034 1289 fortasse
1059 1253 1244 1288 notionem
1271 1259 1475 1288 vivacissimi
1499 1251 1654 1288 hominis
1679 1265 1803 1288 secum
1832 1252 1952 1288 ferens
1968 1255 2009 1301 ²).

740 1371 773 1406 2.
829 1369 993 1406 Alterum
1020 1368 1106 1405 illud
1134 1382 1284 1411 nomen,
1323 1371 1505 1411 Voduride‚
1538 1369 1745 1412 Munchius,
1777 1370 1895 1419 potius
1927 1383 2032 1420 quam
2065 1376 2102 1407 ut
2128 1384 2194 1420 pro

592 1443 680 1467 vero
708 1429 912 1466 accusativo
932 1428 1113 1469 habeatur,
1142 1433 1312 1464 mutatum
1341 1429 1413 1465 vult
1439 1429 1473 1464 in
1510 1430 1675 1471 Vodurz‘a',
1702 1430 1803 1478 quasi
1827 1430 1931 1465 etiam
1959 1430 2059 1465 litera
2082 1446 2099 1466 e
2125 1430 2195 1466 hoc

592 1491 674 1527 loco
705 1494 801 1525 muta
837 1489 889 1524 sit.
957 1488 999 1523 Ut
1039 1500 1139 1523 suam
1181 1487 1350 1523 defendat
1389 1488 1616 1530 sententiam,
1653 1489 1689 1524 in
1717 1488 1890 1525 auxilium
1917 1494 2021 1525 vocat
2050 1489 2194 1525 nomina

593 1549 769 1586 Gothicae
811 1547 958 1597 originis
1002 1548 1166 1595 Optarid,
1209 1548 1402 1588 Gunderid,
1446 1548 1597 1582 Rikarid
1626 1552 1660 1583 et
1694 1552 1778 1589 cet.;
1820 1560 1878 1583 me
1913 1548 2038 1595 judice
2075 1553 2193 1584 autem

601 1610 769 1645 Voduride
796 1619 868 1642 non
897 1612 950 1642 est
977 1605 1042 1640 nisi
1070 1605 1260 1641 accusativi
1279 1618 1382 1641 casus
1411 1620 1430 1641 e
1459 1606 1676 1642 nominativo
1702 1608 1895 1648 Vodurz'des,
1924 1609 2026 1654 cujus
2052 1607 2197 1656 genitivi

593 1667 800 1716 exemplum
828 1665 894 1702 sub
923 1665 1031 1700 finem
1059 1665 1201 1700 alterius
1232 1665 1470 1713 inscriptionis
1498 1665 1730 1700 inveniemffi.
1763 1689 1809 1694 —
1844 1667 1935 1702 Vitae·
1961 1665 2046 1701 illud
2069 1666 2195 1702 vitiose

592 1728 762 1776 seriptum
799 1738 880 1761 esse
916 1736 981 1772 pro
1018 1730 1128 1765 vitan,
1166 1737 1185 1759 e
1220 1724 1438 1759 nominativo
1471 1731 1557 1765 vita,
1598 1731 1749 1774 sapiens,
1784 1724 1971 1760 Munchius
2000 1730 2097 1760 recte
2120 1726 2193 1772 jam

594 1786 739 1823 monuit.
772 1807 818 1813 -—
854 1783 1071 1820 Gabalaiban
1109 1782 1203 1818 idem
1233 1788 1285 1818 est
1319 1788 1424 1832 atque
1452 1783 1672 1831 Ulphilanuin
1699 1783 1903 1830 gahlaiban,
1930 1796 1950 1819 e
1976 1783 2195 1819 nominativo

591 1845 770 1894 gahlaiba‚
800 1843 944 1892 proprie
970 1842 1015 1882 is,
1045 1842 1104 1890 qui
1132 1854 1258 1889 panem
1286 1842 1429 1891 (hlaibs,
1455 1843 1574 1889 hlaifs,
1600 1843 1717 1886 leleifr,
1745 1843 1820 1893 bf)
1844 1855 1924 1878 cum
1951 1842 2070 1891 aliquo
2096 1855 2195 1878 com-

593 1905 764 1945 municat,
792 1903 811 1938 i.
842 1916 870 1938 e.
901 1903 1034 1937 sodalis.
1064 1923 1108 1927 —
1147 1902 1307 1941 Vol-ahto,
1348 1901 1442 1949 apud
1484 1900 1656 1949 Ulphilam
1692 1903 1857 1943 vam-hta,
1883 1903 1988 1948 fecit.
2026 1924 2073 1929 —
2110 1902 2197 1937 Post

594 1965 732 2000 voralzto
760 1966 907 2010 apparet
940 1961 974 1996 in
1016 1959 1245 2007 inscriptione
1274 1960 1417 1995 dimidia
1445 1960 1575 1995 circelli
1604 1973 1694 2008 pars.
1749 1959 1844 2004 Quid
1871 1960 1899 1995 is
1929 1959 2195 2008 significaverit,

594 2036 689 2059 nune
717 2022 915 2071 ignoratm·;
948 2031 1029 2054 eum
1055 2031 1142 2053 vero
1170 2018 1450 2066 interpretationi
1478 2018 1560 2054 nihil
1589 2019 1736 2054 officere
1763 2018 1911 2054 evidens
1935 2024 1996 2055 est.

745 2194 914 2243 Sequitur
940 2192 1049 2228 altera
1077 2189 1202 2239 lapidis
1228 2189 1425 2238 inscriptio,
1458 2203 1549 2238 quae
1577 2189 1666 2226 haec
1694 2190 1816 2226 habet:

985 2287 1233 2324 ARBINGAS
1261 2285 1407 2322 INGOS
1434 2286 1499 2321 Tel
1528 2286 1795 2323 ARBmGaNO-

1034 2365 1088 2410 121]
1117 2372 1276 2409 lNooM
1304 2371 1522 2409 noHTmM
1551 2371 1745 2409 DAeDUN

1103 2476 1172 2499 anu
1201 2462 1446 2499 VODURIDE.
1489 2460 1677 2497 STAINA.

698 2582 720 2613 l)
740 2580 815 2605 Hunc
834 2588 932 2605 morem
953 2580 1098 2614 duplicatas
1119 2580 1206 2604 literas
1227 2577 1322 2602 vitandi
1342 2585 1463 2602 runarum
1483 2576 1631 2610 sculptores
1652 2576 1758 2610 saepius
1779 2576 1861 2601 secuti
1882 2582 1949 2601 sunt,

697 2636 723 2669 ⁴2)
743 2635 787 2661 Cfr
805 2636 902 2670 gradus
924 2637 1099 2670 superlativos
1120 2636 1222 2670 linguae
1242 2635 1400 2660 Sanscritae.
