2435 3188
659 249 741 290 118

607 355 712 392 etiam
739 357 820 390 sunt
845 352 880 388 in
910 353 1024 402 figura
1048 351 1202 388 feminae
1230 351 1294 387 Ar.
1315 352 1548 401 pulverulenti
1575 352 1663 402 (fig.
1687 357 1711 393 t,
1737 362 1810 386 non
1843 361 1931 385 vero
1950 349 2022 398 fig.
2050 353 2080 389 Ξ,
2108 352 2145 383 ut
2170 347 2206 383 in

607 414 769 450 oratione
796 415 965 448 contexta
991 410 1127 446 mendo
1153 409 1415 460 typographico
1444 410 1599 461 legitur).
1638 431 1687 438 —
1721 409 1908 445 KocfflUM
1944 418 2134 456 perperam
2163 407 2206 442 L.

600 473 876 523 pulverulentam
910 470 996 505 Sun
1006 468 1040 504 d.
1066 480 1154 504 suae
1192 470 1231 505 T.
1257 476 1372 505 voraci
1396 469 1467 519 (T.
1494 468 1622 505 trabali
1647 467 1878 516 (Clerck.)),
1904 465 2137 513 subjunxisse
2163 486 2208 492 —

609 544 679 582 qua
711 531 821 567 multo
850 529 966 565 minor
1002 531 1057 563 est
1082 528 1252 575 («th0rax
1277 527 1536 577 longitudinem
1560 528 1583 563 3
1610 527 1893 563 millimetrorum
1921 537 1994 560 non
2021 527 2208 572 superat»:

609 590 754 639 Sund.)
779 611 819 618 --
853 600 925 624 non
965 585 1108 622 difficile
1135 591 1189 622 est
1215 586 1432 635 perspicere.
1463 608 1511 613 —
1539 585 1695 622 WALCK.
1723 596 1870 634 quoque
1897 597 2024 619 marem
2059 583 2104 618 A.
2133 581 2210 631 pul-

609 648 781 686 verulenti
826 647 943 683 eidem
986 644 1122 693 speciei
1155 644 1359 692 subjunxit,
1391 646 1570 693 seminam
1605 656 1693 680 vero
1732 644 1775 679 L.
1805 644 2065 684 andremtvorae‚
2105 653 2211 690 quam

608 720 747 759 lgnoro.

765 793 803 828 T.
824 790 1066 840 pulverulenta
1093 787 1302 837 (Clerck.)
1330 800 1438 837 quum
1464 788 1498 823 in
1528 787 1624 824 silvis
1652 786 1837 828 invenitur,
1869 791 1942 822 tum
1982 785 2087 822 etiam
2121 785 2212 821 locis

612 852 749 902 apricis,
777 850 838 886 ubi
863 854 981 884 tamen
1008 860 1048 883 se
1074 846 1141 883 sub
1165 850 1326 882 stercore
1351 847 1450 883 sicco
1481 851 1546 883 cet.
1573 846 1787 896 plerumque
1821 844 1983 880 occultat.
2014 867 2058 872 —
2088 846 2214 880 Partes

611 912 775 959 genitales
800 909 833 945 in
870 909 908 943 T.
931 907 1183 957 pulverulenta,
1208 904 1345 946 trabali,
1375 912 1538 947 taeniam,
1557 912 1758 956 pinetorum
1785 905 1907 952 (cujus
1933 902 2210 951 descriptionem

613 969 695 1006 vide
717 969 752 1004 in
780 966 1013 1017 Appendice),
1040 974 1186 1001 cuneata
1212 964 1410 1000 simillimae
1438 968 1529 1000 sunt.
1584 965 1623 1000 In
1655 965 1695 1000 T.
1714 964 1959 1013 pulverulenta
1989 965 2126 998 constat
2143 967 2214 1011 epi-

611 1044 703 1077 gyue
728 1040 776 1064 ex
802 1026 908 1062 fovea
937 1024 1012 1060 sive
1039 1023 1276 1072 impressione
1305 1022 1492 1072 profunda,
1521 1023 1696 1073 oblonga,
1725 1021 1906 1058 latitudine
1951 1020 2099 1057 dimidio
2138 1020 2215 1056 lon-

615 1087 726 1137 giore,
754 1085 855 1134 apice
885 1083 1033 1133 (antioc)
1057 1082 1437 1125 rotundato-truncata,
1475 1082 1555 1118 basi
1587 1082 1664 1131 ipsa
1691 1081 1810 1131 paullo
1847 1080 1987 1117 dilatata
2012 1079 2142 1128 ibique,
2179 1079 2215 1115 in

616 1146 703 1182 rima
730 1144 881 1195 genitali,
909 1142 999 1178 callo
1028 1141 1177 1183 elevato,
1204 1146 1409 1177 transverso
1434 1141 1512 1190 (qui
1528 1141 1832 1177 continuationem
1849 1138 1978 1175 format
1997 1138 2088 1188 septi
2102 1138 2217 1187 longi-

617 1203 780 1241 tudinalis
804 1204 838 1239 in
866 1201 977 1237 fundo
1003 1201 1176 1251 epigynes
1203 1200 1315 1250 magis
1341 1200 1504 1236 minusve
1530 1200 1688 1249 occulti),
1714 1199 1749 1235 in
1777 1198 1897 1234 medio
1916 1196 2217 1245 longitudinaliter

616 1264 802 1312 impresso,
829 1261 964 1311 postice
989 1260 1132 1296 foveola
1159 1259 1292 1295 minuta
1318 1259 1481 1309 utrinque
1504 1264 1637 1301 notato,
1665 1258 1860 1294 terminata.
1889 1280 1933 1285 —
1963 1256 2096 1293 Bulbus
2119 1255 2218 1305 geni-

617 1322 694 1359 talis
721 1321 828 1358 maris
854 1332 978 1369 parum
1006 1319 1173 1357 tumidus,
1200 1318 1235 1354 in
1262 1318 1372 1354 latere
1413 1318 1606 1360 exteriore,
1646 1317 1758 1367 magis
1797 1328 1923 1352 versus
1964 1315 2074 1358 basin,
2111 1315 2218 1351 dente

619 1393 839 1430 compresso,
868 1386 1081 1419 transverso,
1110 1377 1302 1413 introrsum
1330 1377 1564 1413 sub-curvato
1590 1381 1754 1413 armatus.

764 1474 932 1523 Epigyne
965 1473 1004 1508 T.
1034 1471 1178 1508 trabalis
1207 1470 1417 1520 (Clerck.)
1445 1475 1481 1507 ut
1505 1471 1540 1507 in
1568 1472 1606 1506 T.
1616 1470 1866 1520 pulverulenta,
1895 1467 1960 1504 sed
1976 1468 2101 1510 minor,
2118 1480 2220 1517 prae-

619 1534 739 1570 sertim
764 1533 919 1573 brevior,
948 1531 1048 1579 apice
1076 1535 1244 1572 truncata,
1286 1529 1376 1566 callo
1404 1529 1463 1565 illo
1491 1529 1602 1565 basali
1629 1529 1664 1565 in
1697 1527 1818 1564 medio
1847 1527 1960 1577 magis
1988 1526 2223 1576 inaequaliter

619 1593 806 1641 impresso.
862 1590 994 1627 Bulbus
1023 1589 1129 1625 maris
1154 1589 1258 1624 etiam
1286 1594 1323 1624 ut
1349 1588 1384 1624 in
1408 1588 1475 1630 illa,
1504 1588 1611 1624 dente
1648 1586 1767 1636 paullo
1796 1586 1937 1622 minore
1963 1585 1998 1621 in
2026 1585 2147 1621 medio
2173 1585 2222 1621 la-

619 1657 696 1688 tere
725 1650 907 1687 exteriore
935 1649 1012 1684 sito.
1041 1671 1089 1676 —-
1121 1650 1159 1684 T.
1187 1654 1341 1684 taeniam
1368 1647 1506 1683 Koch.
1534 1660 1554 1682 a
1585 1648 1624 1682 T.
1648 1646 1891 1696 pulverulenta
1919 1645 2064 1680 differre
2083 1644 2224 1680 videtur

621 1710 716 1746 bulbo
741 1709 853 1758 magis
879 1708 1025 1750 tumido,
1054 1707 1263 1756 praesertim
1302 1706 1379 1742 basi
1419 1706 1454 1742 in
1482 1705 1592 1742 latere
1621 1705 1800 1746 interiore,
1829 1708 1864 1740 et
1889 1710 2034 1754 epigyue
2072 1703 2223 1745 minore,

623 1768 831 1818 praesertim
861 1767 1039 1808 breviore,
1066 1766 1168 1814 apice
1195 1765 1307 1815 magis
1332 1770 1500 1801 truncata.
1530 1787 1575 1793 —-
1608 1766 1648 1801 T.
1669 1771 1869 1814 ,vinetorum
1897 1763 2079 1812 epigynen
2119 1762 2223 1798 etiam

622 1829 798 1864 minorem
824 1826 940 1868 habet,
966 1825 1242 1874 impressionem
1270 1837 1395 1873 parum
1421 1824 1646 1873 profundam,
1674 1821 1979 1871 sub-triangulam,
2021 1821 2136 1857 antice
2163 1833 2223 1857 ro-

622 1886 802 1923 tundatam
833 1885 1056 1925 formantem,
1094 1883 1247 1919 foveolis
1287 1883 1424 1932 postice
1450 1883 1485 1919 in
1513 1883 1604 1919 callo
1631 1882 1692 1918 vix
1717 1881 1806 1919 ullis.
1860 1880 1994 1917 Bulbus
2020 1880 2096 1916 fere
2123 1883 2160 1915 ut
2190 1879 2226 1915 in

630 1947 670 1982 T.
698 1944 833 1981 trabali.
877 1967 921 1973 —
968 1945 1008 1979 T.
1035 1952 1199 1979 cuneatae
1224 1941 1431 1991 (Clerck.)
1471 1942 1629 1991 epigyne
1668 1945 1705 1977 ut
1741 1941 1777 1976 in
1819 1942 1858 1976 T.
1880 1940 2123 1990 pulverulenta
2163 1942 2226 1979 est,

625 2018 670 2041 eo
696 2007 862 2052 excepto,
892 2003 989 2052 quod
1017 2001 1127 2037 callus
1154 2001 1211 2037 ille
1239 2001 1369 2037 basalis
1393 2001 1630 2050 impressione
1658 1999 1777 2036 media
1794 2003 1901 2041 caret,
1925 2002 1960 2034 et
1985 1997 2137 2033 foveolis
2151 2002 2227 2033 tan-

624 2071 697 2101 tum
727 2062 866 2099 duabus
893 2066 1043 2098 notatur.
1073 2061 1206 2097 Bulbus
1222 2061 1366 2097 dentem
1383 2060 1488 2109 plane
1505 2060 1590 2096 utin
1619 2061 1658 2096 T.
1681 2059 1923 2109 pulverulenta
1938 2057 2092 2106 positum
2109 2055 2223 2092 habet.

855 2206 914 2254 Sp.
945 2205 976 2242 7.
1029 2204 1351 2242 PALUD1COLA.
1379 2217 1410 2255 p.
1438 2204 1495 2240 94.
1522 2203 1573 2240 Pl.
1603 2205 1635 2239 4.
1667 2203 1737 2239 tab.
1765 2203 1796 2239 7.

708 2296 770 2329 Syn.
793 2295 927 2333 Lycosa
949 2292 1151 2331 paludicola
1173 2293 1255 2320 Szmd.
1278 2292 1338 2320 Act.
1362 2291 1456 2320 Holm.
1483 2294 1566 2319 1832.
1589 2301 1614 2328 p.
1640 2293 1705 2318 179.
1729 2288 1862 2320 («feminis
1883 2287 2048 2315 minoribus»
2070 2287 2208 2325 exeeptis).

856 2353 868 2367 «
1033 2352 1046 2368 «
1177 2343 1266 2369 Westr.
1290 2342 1351 2369 Act.
1374 2340 1457 2368 Goth.
1484 2342 1568 2368 1851.
1589 2349 1615 2376 p.
1641 2341 1686 2366 53.
1708 2337 1813 2369 (saltem
1836 2337 1870 2365 ad
1893 2340 2016 2374 partem).

1087 2403 1256 2452 [LycosA
1283 2400 1542 2450 paludicola
1568 2398 1769 2450 (Clerck)]

784 2539 873 2575 Cum
900 2551 952 2587 sp.
984 2538 1028 2573 15
1056 2536 1283 2589 (fumigata)
1321 2534 1411 2572 haec
1451 2546 1582 2570 aranea
1608 2547 1629 2571 a
1669 2534 1850 2583 plerisque
1891 2533 2041 2569 confusa
2077 2532 2226 2569 videtur.

636 2600 892 2636 SUNDEVALLH
933 2601 1050 2632 tamen
1086 2597 1128 2632 L.
1147 2596 1382 2645 paludicolam
1427 2593 1578 2630 eandem
1608 2605 1701 2635 esse,
1742 2605 1791 2629 ex
1828 2591 2069 2641 descriptione
2095 2590 2228 2640 pedum
