2435 3188
701 235 758 274 84

651 353 796 378 cronem
830 339 987 388 longum,
1027 338 1298 375 sub-curvatum
1325 339 1514 388 producto,
1537 340 1629 376 iuter
1659 337 1758 387 quod
1783 342 1817 374 et
1844 337 1959 373 calcar
1990 337 2076 373 illud
2104 348 2253 385 procur-

652 413 713 437 sus
740 399 841 435 adest
867 411 1026 448 magnus
1055 398 1154 440 latus,
1181 398 1436 447 complanatus,
1466 397 1568 446 apice
1596 397 1790 447 pellucens.

803 499 1013 535 Dolendum
1041 503 1102 540 est,
1132 498 1231 547 quod
1258 498 1356 534 multi
1383 499 1576 547 scriptores
1606 497 1681 533 fere
1709 497 1839 533 nullam
1873 497 2023 546 partium
2051 496 2256 546 genitalium

654 560 828 596 rationem
855 558 1066 598 habuerunt,
1106 570 1194 606 quas
1223 557 1253 592 si
1289 557 1408 605 paullo
1449 555 1647 592 accuratius
1683 556 1954 605 cognovissent,
1996 569 2106 604 quum
2145 555 2257 591 multo

656 619 792 655 facilius
820 617 894 653 aliis
923 620 1026 656 esset,
1056 628 1144 663 quas
1170 615 1310 663 species
1338 615 1600 664 descripserint,
1630 627 1839 664 agnoscere,
1868 620 1940 650 tum
1955 614 2060 650 etiam
2076 614 2144 663 ipsi
2158 626 2258 650 erro-

657 691 715 714 res
742 678 903 725 effugere
931 674 1138 723 potuissent,
1166 675 1200 709 in
1229 674 1357 722 quibus
1385 687 1457 710 non
1486 687 1567 709 raro
1602 678 1803 715 versantur,
1833 686 1958 722 quum,
2002 686 2093 722 quae
2122 673 2259 709 formae

657 743 782 787 species
808 735 863 770 vel
889 732 999 769 modo
1027 739 1210 768 varietates
1253 733 1337 774 sint,
1379 738 1534 768 statuere
1562 732 1679 768 velint.
1740 732 1857 780 Saepe
1883 732 1977 767 enim
2008 732 2053 767 ita
2080 732 2259 780 contingit,

658 801 696 832 ut
722 794 871 843 species,
903 804 994 840 quae
1027 791 1119 827 inter
1145 804 1184 827 se
1211 790 1408 827 simillimae
1449 796 1530 827 sunt
1563 796 1597 827 et
1628 791 1756 827 eadem
1798 791 1873 826 fere
1910 791 2070 826 omnium
2110 791 2261 839 partium

660 856 783 904 ligura,
810 851 974 898 genitalia
998 856 1116 886 tamen
1143 849 1297 886 habeant
1323 850 1426 885 valde
1451 850 1622 898 disparia;
1651 863 1743 899 quae
1770 849 1964 891 fabricatio,
1990 862 2098 898 quum
2116 849 2262 885 eviden-

660 919 713 950 ter
739 910 916 960 impediat,
959 909 1151 958 quominus
1182 916 1300 945 cob'avt
1338 909 1475 944 formae
1517 909 1690 950 diversae,
1732 922 1777 944 eo
1812 908 1992 957 pertinere
2030 907 2185 950 videtur,
2217 920 2263 944 ne

661 972 797 1022 possint
827 969 918 1005 duae
946 969 1096 1017 species,
1142 969 1303 1017 quamvis
1341 973 1415 1004 arta
1448 968 1539 1004 inter
1575 981 1614 1003 se
1657 967 1919 1016 propinquitate
1955 968 2184 1014 conjunctae,
2215 979 2264 1003 ex

662 1044 742 1067 sese
773 1030 927 1066 bibl-idas
954 1040 1160 1076 procreare.
1220 1028 1336 1064 Colore
1360 1029 1463 1063 etiam
1498 1026 1702 1076 genitalium
1741 1039 1815 1062 non
1856 1039 1938 1062 raro
1975 1026 2265 1062 internoscuntur

662 1089 802 1138 species
830 1087 1031 1137 propinqui.
1086 1086 1246 1122 Dubium
1273 1086 1378 1135 igitur
1406 1099 1486 1121 esse
1513 1099 1584 1121 non
1610 1091 1736 1134 potest,
1766 1085 1859 1134 quin,
1889 1097 1998 1134 quum
2031 1085 2171 1133 species
2198 1084 2266 1121 sint

664 1147 900 1189 definiendae,
929 1145 1076 1181 maximi
1099 1145 1271 1180 momenti
1294 1145 1482 1181 habendae
1507 1145 1575 1180 sint
1602 1149 1718 1186 notae,
1748 1157 1839 1193 quae
1857 1157 1904 1180 ex
1920 1143 2078 1192 partibus
2107 1143 2267 1189 genitali-

664 1209 730 1244 bus
757 1207 945 1242 ducantur:
976 1205 1143 1253 exempla
1172 1204 1334 1245 utilitatis,
1365 1217 1469 1253 quain
1498 1204 1651 1240 all'erunt
1675 1204 1855 1251 ejusmodi
1892 1208 2008 1244 notae,
2038 1206 2105 1250 jam
2132 1214 2267 1251 suppo-

665 1267 729 1308 sui,
758 1271 792 1301 et
819 1266 852 1301 in
878 1264 1010 1305 formis,
1042 1264 1087 1299 de
1114 1263 1243 1312 quibus
1270 1263 1437 1311 proxime
1463 1263 1604 1298 locutus
1628 1275 1722 1305 sum,
1752 1267 1786 1298 et
1812 1263 1847 1298 in
1874 1263 1945 1311 Ep.
1974 1261 2184 1298 schreibersii
2221 1260 2266 1297 ab

667 1328 738 1375 Ep.
769 1326 941 1371 angulum
967 1330 1002 1359 et
1029 1329 1125 1369 regia
1153 1322 1416 1370 distinguenda:
1446 1334 1599 1370 quorum
1627 1334 1816 1357 numerum
1844 1334 1978 1366 augere
2015 1321 2158 1356 difficile
2194 1332 2268 1356 non

668 1392 730 1421 est.
789 1386 884 1419 Zilla
910 1392 1082 1424 -Js-rmtata,
1100 1384 1131 1430 ⁸⁸)
1159 1388 1273 1417 ‹etl-ica
1299 1386 1333 1417 et
1360 1382 1561 1429 ccclostltjslla,
1589 1393 1646 1415 ex.
1675 1392 1724 1429 gr.
1754 1402 1798 1406 —
1828 1369 1911 1415 nea
1934 1380 2063 1415 familia
2083 1379 2269 1428 Epeirida-

666 1457 744 1480 rum
775 1443 950 1479 decedam
976 1465 1023 1469 —
1051 1441 1209 1490 partibus
1242 1440 1307 1476 illis
1339 1440 1502 1475 facillime
1536 1439 1730 1474 internosci
1770 1444 1928 1487 possunt.
1995 1439 2126 1487 Palpus
2162 1444 2270 1473 maris

673 1505 713 1540 Z.
741 1512 921 1538 ;l‘-7lotatae
949 1500 1076 1536 calcari
1107 1500 1224 1535 valido
1252 1499 1286 1534 in
1312 1499 1420 1534 latere
1458 1498 1641 1534 exteriore
1678 1498 1778 1533 bulbi
1805 1497 1964 1547 genitalis
1992 1497 2172 1545 praeditus
2200 1501 2270 1533 est:

666 1565 799 1609 femina
826 1561 989 1610 ejusdem
1020 1559 1153 1608 speciei
1178 1558 1360 1607 epigynen
1387 1557 1494 1593 habet
1520 1557 1554 1593 in
1582 1557 1714 1606 stylum
1745 1557 1891 1606 longum
1928 1556 2156 1605 producta1n;
2196 1555 2272 1604 qui-

671 1622 739 1658 bus
772 1619 1017 1670 appendiculis
1053 1618 1211 1667 reliquae
1252 1617 1344 1652 duae
1383 1616 1530 1651 omnino
1565 1620 1696 1651 carent.
1750 1617 1799 1651 At
1826 1625 1860 1661 02
1891 1617 1932 1650 Z.
1960 1622 2093 1650 atricae
2119 1628 2140 1650 a
2162 1623 2196 1660 0⁷¹
2227 1616 2270 1651 Z.

672 1682 881 1729 caloplmslloee
906 1678 1016 1728 palpis
1042 1676 1256 1726 longissimis
1284 1675 1524 1725 distinguitur,
1553 1675 1711 1723 epigyne
1734 1675 1886 1711 feminae
1912 1675 1946 1710 in
1977 1680 2126 1723 utraque
2150 1673 2272 1722 specie

673 1739 817 1789 quidem
849 1752 945 1787 parv
937 1751 965 1779 a,
994 1742 1112 1773 tiansv
1116 1748 1195 1772 ersa
1219 1739 1253 1770 et
1280 1735 1388 1770 alteia
1415 1734 1515 1769 alteri
1540 1734 1585 1769 id
1613 1734 1764 1770 formam
1782 1734 1970 1770 satsimilis
1988 1740 2049 1775 est,
2077 1732 2142 1768 sed
2169 1733 2274 1768 colore

673 1799 832 1834 diverso:
860 1799 894 1833 in
926 1798 967 1833 Z.
995 1803 1109 1832 atzzca
1138 1793 1307 1830 lateribus
1334 1794 1443 1839 nifrla
1472 1793 1506 1828 in
1535 1793 1656 1829 medio
1683 1798 1847 1834 testacea,
1875 1793 1910 1828 in
1932 1794 1973 1828 Ζ.
1996 1793 2188 1841 caloplzylla
2203 1795 2276 1827 tota

673 1858 783 1906 nigra.
812 1879 860 1885 —
883 1865 901 1898 3
927 1858 998 1905 Ep.
1026 1857 1134 1891 luteae
1163 1852 1299 1889 Ixoch.
1337 1853 1382 1888 ab
1418 1854 1489 1901 Ep.
1527 1855 1723 1888 diademata
1762 1855 1931 1901 (quacum
1972 1865 2051 1887 eam
2092 1850 2277 1899 conjungit

673 1917 996 1952 BLACKWALLms:
1037 1915 1128 1950 Ann.
1157 1912 1227 1948 and
1256 1911 1348 1961 Mag.
1378 1911 1420 1946 of
1441 1911 1516 1947 Nat.
1546 1912 1633 1947 llist.
1665 1912 1740 1947 Ser.
1769 1913 1802 1947 ἰ).
1829 1913 1872 1948 X.
1898 1924 1929 1960 p.
1961 1912 2047 1960 188)
2075 1924 2179 1959 scapo
2204 1909 2278 1958 epi—

675 1988 792 2025 gynes
833 1973 1001 2015 m-formi,
1030 1978 1066 2009 ut
1094 1973 1130 2008 in
1154 1974 1225 2021 Ep.
1254 1972 1424 2017 angulata
1452 1975 1516 2006 eet.
1546 1970 1690 2006 abunde
1719 1970 1953 2019 distinguitur.
1984 1992 2029 1997 —
2058 1968 2277 2017 Hujusmodi

676 2033 844 2082 exempla
871 2032 1093 2081 multiplicari
1122 2031 1266 2081 quidem
1294 2034 1453 2078 possunt,
1495 2042 1562 2064 nec
1602 2028 1687 2064 mihi
1728 2030 1939 2065 occasiones
1971 2029 2016 2064 ad
2044 2028 2110 2063 alia
2143 2040 2278 2076 propo-

677 2092 796 2129 nenda
822 2092 971 2141 posthac
996 2091 1156 2133 deerunt,
1196 2089 1406 2138 praesertim
1445 2088 1480 2124 in
1518 2090 1714 2136 Lycosidis,·
1752 2088 1818 2124 sed
1846 2101 1897 2129 ea,
1925 2087 2054 2137 quibus
2078 2088 2151 2134 jam
2192 2098 2278 2121 usus

677 2165 766 2194 sum,
795 2151 877 2188 satis
916 2150 1068 2186 fortasse
1110 2149 1296 2190 declarant,
1340 2148 1374 2183 iu
1414 2147 1539 2183 formis
1567 2147 1903 2183 circumscribendis
1934 2151 2039 2194 atque
2069 2144 2280 2180 definiendis

678 2224 751 2246 non
779 2210 889 2246 modo
913 2210 994 2245 utile
1017 2222 1108 2250 esse,
1134 2221 1260 2244 verum
1288 2207 1391 2243 etiam
1416 2206 1669 2248 necessarium,
1697 2206 1870 2242 rationem
1899 2205 2049 2253 partium
2075 2203 2278 2253 genitalium

680 2283 784 2319 quam
814 2268 1080 2318 diligentissime
1107 2267 1252 2303 habere.
1306 2268 1464 2301 Marium
1493 2265 1637 2314 quidem
1653 2264 1817 2314 genitalia
1842 2277 1862 2300 a
1891 2263 2103 2312 quibusdam
2132 2263 2280 2312 scripto-

678 2328 777 2364 ribus
805 2329 1108 2376 (BLACKWALLIO
1137 2325 1345 2374 praesertim
1374 2330 1408 2361 et
1434 2324 1702 2371 lVEsrmuelo)
1730 2322 1931 2371 diligentius
1960 2321 2218 2364 describuntur,
2245 2321 2281 2357 in

680 2387 874 2437 generibus
899 2386 1022 2421 saltem
1049 2384 1238 2426 nonnullis,
1267 2396 1324 2419 ex.
1354 2396 1404 2432 gr.
1431 2384 1588 2429 Erigone
1613 2382 1738 2432 (Argo
1767 2381 1970 2429 W'alckJ,
2000 2382 2102 2428 cujus
2139 2380 2283 2429 generis

681 2445 833 2494 species,
860 2444 889 2480 si
916 2449 1022 2479 notae
1048 2455 1096 2479 ex
1123 2443 1235 2491 palpis
1264 2443 1414 2478 marium
1442 2441 1569 2476 ductae
1593 2440 1868 2489 negligerentur,
1896 2439 1957 2475 vix
1984 2438 2152 2488 distingui
2178 2443 2213 2475 et
2248 2438 2284 2474 in

683 2503 847 2539 ordinem
877 2501 1006 2538 adduci
1036 2506 1192 2549 possent.
1254 2501 1303 2537 At
1339 2512 1445 2549 quam
1476 2498 1619 2535 difficile
1650 2504 1718 2541 est,
1738 2500 1899 2547 feminas
1925 2498 1960 2534 in
1989 2497 2120 2534 eodem
2148 2509 2283 2548 genere

753 2605 772 2635 ‘)
791 2604 860 2630 Vide
880 2613 921 2638 sp.
941 2603 984 2628 1⁴.
1004 2603 1072 2628 litera
1092 2602 1123 2627 Χ
1139 2605 1254 2627 nolatmn.
