2435 3188
711 279 792 321 366

659 400 697 421 m.
721 400 760 420 m.
788 386 880 420 latae.
932 385 1181 434 Sper-mogontia
1210 383 1412 430 marginibus
1447 382 1745 432 phyllocladiorum
1780 384 1890 426 affixa,
1926 385 2034 425 susem
2073 391 2263 434 spermatia

659 446 797 494 liyalina,
820 444 1129 492 oblongo-linearia,
1157 443 1358 483 0‚0040—-4S
1384 455 1423 476 111.
1452 456 1491 476 m.
1518 442 1625 489 longa.

808 516 906 552 Obs.
935 518 963 551 1.
1016 515 1253 552 Stereocaulon
1284 514 1458 562 pileatum
1492 513 1583 550 ΑΕΗ.
1617 528 1633 548 a
1670 514 1815 563 plurimis
1855 516 2073 564 scriptoribus
2102 515 2142 549 ad
2180 515 2264 550 hanc

658 577 803 625 speciem
841 583 874 610 ut
907 588 1117 625 synonymon
1156 580 1205 608 est
1240 573 1394 614 relatum,
1427 572 1518 620 quod
1557 580 1664 607 tamen
1697 587 1770 608 cum
1812 576 1947 609 veritate
1986 573 2072 609 haud
2102 575 2264 609 convenit.

659 634 840 684 Repugnat
867 637 952 670 enim
980 648 1044 668 non
1071 633 1178 667 solum
1206 631 1372 667 habitandi
1396 632 1480 666 illius
1505 632 1599 666 locus
1629 632 1679 666 »in
1706 631 1858 667 Helvetia
1888 634 2058 682 subalpina
2089 634 2139 667 ad
2162 646 2264 682 rupes

655 700 893 741 graviticas«,
926 693 986 728 sed
1024 693 1120 728 etiam
1159 692 1337 740 specimina
1377 691 1545 738 originalia
1585 691 1626 725 ab
1663 690 1841 726 AGRARIO
1876 693 1950 741 ipso
1989 692 2204 727 determinata
2233 694 2264 727 in

658 754 774 789 herbb.
801 753 891 788 Mus.
918 752 1101 787 Holmiens.
1129 757 1161 786 et
1187 750 1229 785 R.
1252 749 1328 784 Soc.
1353 749 1475 784 Scient.
1505 748 1620 799 Upsal.
1678 748 1708 783 E
1739 750 1962 799 descriptione
1993 751 2181 786 Achariana
2210 752 2264 786 vix

659 813 838 861 quidquam
867 811 1067 846 concludere
1093 812 1177 851 licet,
1205 816 1435 859 praeterquam
1452 809 1543 857 quod
1559 809 1645 849 dicit,
1669 809 1753 843 hanc
1775 810 1908 858 stirpem
1945 812 2153 846 »varietatem
2181 824 2264 859 apo-

658 873 768 920 [eptae
798 873 997 918 Baeomycis
1022 869 1197 905 bacillaris
1226 882 1301 904 esse
1321 870 1398 903 satis
1419 869 1591 909 similem«,
1621 868 1712 916 quod
1740 869 1769 902 in
1798 868 1848 903 St.
1872 870 2111 904 condensatum
2134 871 2264 905 minime

660 937 770 981 potest
800 930 974 966 transferri.

812 1000 913 1035 Obs.
940 1000 972 1033 (2.
1023 998 1124 1034 Aliud
1150 1010 1284 1046 quoque
1312 1010 1522 1046 synonymon
1552 997 1592 1031 ab
1621 998 1811 1033 auctoribus
1828 997 1868 1031 ad
1885 998 1968 1034 hanc
1993 1000 2139 1048 speciem
2162 1000 2264 1047 vulgo

658 1060 801 1101 trahitur,
830 1059 880 1095 St.
909 1059 1159 1106 condyloideum
1186 1057 1278 1092 ΑΕΗ.
1311 1056 1435 1102 (Meth.
1465 1057 1495 1090 in
1529 1054 1646 1105 Suppl.
1674 1070 1703 1105 p.
1727 1057 1785 1098 51,
1819 1055 1917 1091 Univ.
1944 1072 1974 1106 p.
2001 1058 2090 1100 584,
2128 1057 2206 1108 Syn.
2235 1073 2265 1107 p.

657 1119 745 1159 285,
774 1118 873 1153 DUB.
899 1117 976 1152 Bot.
1005 1117 1090 1152 Gall.
1119 1132 1148 1166 p.
1176 1116 1264 1157 6193
1293 1114 1423 1150 HOOK.
1450 1114 1546 1162 Engl.
1572 1114 1621 1149 Fl.
1648 1129 1679 1163 p.
1708 1115 1797 1155 237;
1825 1115 1987 1151 SPRENG.
2003 1116 2090 1166 Syst.
2109 1116 2195 1165 Veg.
2206 1116 2265 1152 IV.

659 1193 686 1227 p.
713 1178 811 1223 ⁹275),
839 1178 899 1213 sed
916 1178 1045 1212 minime
1073 1183 1124 1212 est
1149 1176 1245 1223 liujus
1269 1176 1393 1224 speciei
1423 1175 1533 1209 l'orina.
1587 1173 1689 1212 Quod
1716 1176 1779 1220 jam
1809 1188 1826 1209 e
1854 1175 2078 1225 descriptione
2100 1177 2264 1225 completa

658 1237 843 1272 Achariana
871 1236 1042 1271 evidenter
1067 1236 1190 1270 elucet:
1226 1234 1343 1268 »thallo
1371 1234 1460 1268 nudo
1489 1235 1624 1268 cinereo
1652 1234 1829 1275 ramuloso,
1856 1236 1955 1269 ramis
1971 1234 2128 1270 flexuosis
2154 1235 2265 1270 diffor-

657 1298 779 1337 mibus,
808 1296 1008 1336 sublobatis,
1043 1295 1231 1329 nodulosis«
1273 1306 1335 1328 nec
1366 1306 1432 1327 non
1468 1292 1573 1326 »thalli
1601 1293 1633 1338 (i.
1660 1305 1687 1327 e.
1717 1292 1866 1341 podetia)
1892 1294 2063 1329 confertim
2089 1301 2267 1329 nascuntur

657 1357 756 1390 erecti
783 1355 842 1390 sed
870 1356 960 1389 vario
991 1354 1091 1389 modo
1120 1353 1274 1388 ramulosi
1299 1358 1331 1387 et
1359 1352 1506 1393 llexuosi,
1532 1351 1572 1386 ad
1598 1352 1691 1386 basin
1716 1353 1935 1399 angustiores,
1963 1366 2106 1402 superne
2122 1355 2265 1389 crassio-

657 1428 710 1449 res
739 1415 859 1448 dilatati
886 1413 1204 1448 ramoso-sublobati
1232 1426 1257 1446 s.
1281 1410 1611 1459 granuloso-nodosi,
1639 1410 1769 1445 rantulis
1794 1410 1939 1445 distortis
1966 1412 2171 1447 dill'ormibus
2206 1426 2266 1447 nu-

658 1474 707 1508 dis
735 1474 957 1521 glaberrimis,
998 1472 1132 1507 altitudo
1171 1471 1324 1519 caespitis
1363 1470 1461 1504 2—4
1490 1470 1672 1504 linearum«
1747 1469 1882 1504 Adsunt
1910 1478 2079 1519 praeterea
2111 1473 2141 1506 in
2174 1471 2265 1513 herb,

656 1532 746 1568 Mus.
772 1532 882 1566 Holm.
907 1533 1084 1581 specimina
1112 1531 1290 1578 originalia,
1317 1529 1529 1578 descriptioni
1559 1530 1691 1562 omniuo
1721 1530 1959 1569 convenientia,
1983 1530 2165 1565 secundum
2181 1544 2266 1578 quae

659 1592 709 1628 St.
738 1592 989 1639 comlyloidezcm
1017 1596 1067 1625 est
1094 1590 1195 1624 modo
1223 1596 1325 1624 status
1355 1590 1459 1623 minus
1496 1588 1648 1622 evolutus
1687 1588 1897 1622 Stereocmclz
1934 1590 2104 1635 cujusdam
2135 1589 2265 1639 phyllo-

656 1652 769 1686 cladiis
802 1651 841 1685 ad
869 1651 961 1685 basin
995 1649 1204 1698 podetiorum
1232 1646 1509 1686 evanescentibus,
1539 1653 1573 1680 ut
1601 1646 1729 1681 videtur
1753 1647 2003 1695 Shpctsclzaliaz
2055 1648 2221 1684 ludicatur
2246 1663 2265 1684 e

656 1710 775 1746 Suecia
812 1709 952 1757 (Aen),
996 1708 1104 1743 Gallia
1132 1706 1277 1754 (Due),
1319 1705 1438 1753 Anglia
1472 1707 1543 1740 bor.
1578 1704 1756 1752 (Hom-2),
1802 1704 1954 1741 Helvetia
1990 1706 2188 1756 (SPRENG.)
2222 1707 2265 1742 ad

657 1778 784 1806 terram.

1195 1836 1270 1876 21.
1335 1837 1389 1877 St.
1424 1838 1567 1876 Delisei
1595 1838 1716 1891 Bory.

803 1938 851 1973 St.
886 1934 1040 1983 podetiis
1079 1934 1228 1982 pumilis,
1268 1934 1403 1969 matrici
1441 1934 1566 1970 leviter
1604 1933 1896 1974 adhaerentibus,
1928 1933 2118 1975 teretibus,
2161 1934 2263 1982 apice

654 1994 1011 2043 &stimate—ramosis,
1041 1992 1189 2042 glabris3
1219 1991 1469 2041 phyllocladiis
1494 1993 1540 2028 ad
1567 1992 1667 2028 basin
1700 1992 2007 2041 »persistentibus‚
2037 1992 2261 2040 caespitosis‚

653 2044 905 2095 verruculosis,
936 2052 1097 2093 albidis«,
1124 2051 1160 2086 in
1190 2051 1343 2099 podetiis
1370 2051 1415 2086 ad
1433 2051 1554 2099 apices
1572 2064 1754 2087 ramorum
1779 2051 2262 2101 conglomerato-congestis,

653 2120 840 2166 praeterea
864 2112 978 2153 nullis,
1007 2110 1293 2150 albo-farinosis;
1321 2109 1517 2158 apotlieciis
1542 2139 1751 2146 .......

807 2210 904 2255 Syn.
933 2210 985 2245 St.
1014 2208 1142 2242 Delisezss
1168 2205 1285 2242 BORY
1313 2207 1343 2240 in
1372 2205 1473 2240 DUB.
1502 2204 1581 2241 Bot.
1613 2205 1699 2240 Gall.
1727 2206 1767 2240 II.
1786 2220 1818 2253 p.
1837 2206 1925 2243 6192
1954 2204 2123 2240 SCEAER.
2141 2205 2261 2240 Enum.

705 2273 773 2306 crit.
804 2253 952 2318 p.⁸178·,
980 2267 1051 2302 ΤΗ.
1080 2266 1146 2301 FR.
1177 2264 1307 2300 Comm.
1335 2279 1366 2313 p.
1395 2264 1459 2299 35:
1487 2264 1585 2299 NYL.
1608 2264 1729 2299 Prodr.
1752 2279 1784 2312 p.
1814 2265 1859 2299 14²2
1887 2264 2003 2311 (988).

798 2358 905 2394 Ilab.
939 2357 984 2393 ad
1008 2369 1097 2392 saxa
1124 2355 1212 2402 (»ad
1241 2359 1410 2391 terminu«
1443 2355 1621 2403 Scnfflz.)
1649 2354 1835 2391 Neustriae
1854 2366 1968 2402 prope
1992 2353 2080 2388 Vire
2103 2353 2260 2399 (DEL1SE

653 2431 723 2453 sec.
745 2417 959 2463 Bomio).
987 2414 1180 2463 Specimen
1207 2414 1321 2449 visum
1349 2414 1547 2450 liberalitati
1577 2414 1753 2450 debemus
1781 2412 1904 2448 Cehmi
1932 2412 1969 2447 C.
1999 2411 2230 2449 MONTAGNE.

804 2485 931 2520 Lichen
959 2499 1075 2533 parum
1104 2485 1256 2531 cognitus
1284 2491 1325 2525 et,
1353 2491 1387 2518 ut
1410 2484 1548 2525 videtur,
1575 2491 1678 2519 status
1705 2484 1883 2530 degeratus
1915 2483 1995 2517 alius
2029 2484 2170 2530 speciei:
2202 2483 2259 2517 ha-

655 2546 721 2579 bitu
749 2546 832 2578 inter
860 2544 912 2579 St.
937 2543 1104 2592 paschale
1130 2549 1161 2577 et
1188 2556 1316 2576 mmmm
1334 2544 1425 2590 quasi
1448 2543 1586 2583 medius,
1614 2542 1673 2576 sed
1698 2542 1739 2576 illi
1769 2542 1812 2576 ob
1839 2541 1973 2589 podetia
1993 2541 2104 2590 rigida,
2133 2542 2258 2589 lignosa

654 2610 742 2639 certe
772 2603 875 2650 magis
905 2602 1017 2636 affinis.
1048 2623 1092 2628 ——
1123 2602 1265 2636 Pocletm
1293 2603 1307 2641 ξ
1336 2603 1410 2635 circ.
1437 2615 1510 2636 unc.
1541 2601 1593 2635 vel
1621 2601 1730 2648 paullo
1761 2601 1840 2635 ultra
1869 2601 1940 2641 alta,
1968 2601 2039 2635 laxe
2061 2602 2258 2648 caespitosa‚

653 2668 779 2702 erecta,
808 2662 938 2708 glabra,
968 2660 1087 2708 pallide
1114 2660 1342 2695 suscescentia.
1400 2659 1636 2707 Phylloclmlia
1675 2660 2058 2700 »cinereo-virescentia,
2089 2660 2258 2695 albo-fari-
