2435 3188
1672 276 1728 318 53

334 378 430 416 Urbs
458 377 603 419 Halebi,
636 376 681 411 de
710 387 779 424 qua
811 378 993 410 certamen
1020 375 1271 424 gravissimum
1298 389 1387 413 mox
1415 379 1614 421 exarsit,in
1629 387 1784 429 potesta-

180 445 249 477 tem
279 436 509 474 el-Ikhschidi
536 448 617 472 cum
642 434 778 483 reliqua
805 433 911 482 Syria
937 446 1011 469 non
1039 434 1183 470 transiit.
1237 436 1348 471 Anno
1376 436 1479 472 etiam
1498 438 1565 472 331
1588 439 1685 474 Janis
1705 439 1783 476 Mu-

180 497 306 539 nisida,
334 502 370 532 ut
396 493 656 531 Kemal-el-din
685 492 784 534 dicit,
810 505 889 528 eam
916 493 1043 535 tenuit;
1074 497 1110 529 et
1136 498 1218 542 post
1244 494 1467 531 intervallum
1492 497 1664 545 temporis
1690 500 1781 547 regi-

180 569 285 593 onem
311 553 560 591 el-Ikhschido
589 552 705 588 cessit.
759 551 902 587 Eodem
932 552 1108 601 scriptore
1135 556 1226 588 teste
1252 553 1443 589 el-Hnsein
1471 554 1697 592 Hamdanida
1722 571 1783 593 an-

179 628 225 651 no
267 615 339 651 332
368 614 458 650 hanc
483 612 610 649 urbem
643 611 774 647 summi
800 611 974 647 momenti
1002 611 1111 660 cepit,
1153 624 1259 661 quam
1299 612 1524 649 el—Ikhschid
1557 615 1676 662 paullo
1703 622 1784 664 post

178 672 412 722 recuperavit.
468 670 641 719 Suspicor
667 674 786 706 tamen
809 669 866 706 hic
894 669 1145 706 confusionem
1172 671 1350 720 quandam
1386 672 1521 714 inesse,
1556 674 1782 724 eandemque

178 733 376 781 captionem
405 729 574 780 spectari,
607 729 653 765 de
681 742 752 779 qua
779 741 874 765 anno
902 729 974 765 333
1005 736 1186 766 narratum
1212 734 1275 767 est.

323 832 449 869 Mense
476 830 682 879 Djnmadae
708 830 839 880 prioris
868 843 962 866 anno
989 830 1056 866 331
1088 832 1435 879 (Januario—Febr.
1458 834 1547 884 943)
1569 834 1783 871 el-Ikhschid

172 894 382 943 Aegyptum
410 891 546 933 revisit,
577 895 611 927 et
638 903 763 926 mense
788 889 1071 935 Dhu-l-Qaadae
1099 897 1258 927 exeunte
1286 893 1462 942 (Agusto)
1487 893 1783 938 Abu-l-Qasi-

172 964 279 988 mum
318 949 600 998 Anudjnrum
643 949 751 985 filium
786 962 1037 985 successorem
1076 951 1271 987 nominavit
1296 964 1338 987 ac
1366 957 1629 989 sacramentum
1659 954 1742 990 fidei
1765 968 1783 990 a

170 1010 271 1060 regni
312 1009 530 1059 primoribus
563 1009 595 1045 ei
629 1009 824 1057 jurandum
854 1008 986 1059 exegit.
1040 1011 1074 1045 A
1102 1009 1254 1046 khalifae
1277 1011 1437 1059 partibus
1461 1025 1608 1061 semper
1634 1017 1783 1049 stantem

171 1083 252 1106 eum
279 1069 346 1105 fata
392 1068 562 1118 principis
597 1068 756 1104 fidelium
783 1068 951 1117 religiose
978 1068 1113 1118 ubique
1154 1069 1409 1106 observantem
1433 1071 1608 1107 videmus.
1662 1073 1785 1121 Itaque

170 1141 280 1178 quum
307 1127 507 1176 el—Muttaqi
540 1127 664 1163 infelix
694 1140 713 1163 a
739 1127 911 1169 Tuzuno,
940 1127 1177 1164 Hamdanidis
1205 1128 1355 1178 aliisque
1384 1129 1554 1173 ducibus,
1580 1131 1639 1180 qui
1655 1131 1702 1166 nil
1719 1131 1784 1168 nisi

168 1201 231 1224 sua
262 1187 483 1237 quaerebant
510 1186 719 1229 commoda,
744 1186 860 1222 indies
888 1187 1001 1236 magis
1031 1187 1217 1237 magisque
1244 1188 1415 1225 sollicitus
1440 1195 1649 1239 angeretur,
1669 1197 1704 1226 et
1722 1190 1784 1226 ‹le-

170 1247 292 1296 nique,
330 1251 367 1282 ut
405 1259 556 1282 securus
595 1250 706 1288 esset,
734 1244 970 1295 Baghdadum
1007 1246 1179 1282 deserere
1216 1252 1425 1297 cogeretur,
1454 1248 1577 1285 litteris
1609 1262 1630 1285 a
1656 1249 1786 1285 khalifa

168 1306 212 1342 ad
252 1319 333 1342 eum
379 1305 485 1347 datis,
515 1306 550 1341 in
580 1305 710 1354 quibus
736 1309 771 1340 et
796 1310 923 1340 statum
948 1318 1052 1341 sunm
1078 1306 1239 1354 periculo
1270 1307 1416 1355 plenum
1444 1309 1615 1357 exposuit
1642 1314 1677 1345 et
1703 1321 1784 1344 cum

167 1365 289 1401 amico
329 1365 426 1400 fideli
467 1377 703 1414 congressum
742 1365 927 1413 expetivit,
956 1365 1070 1400 statim
1095 1365 1270 1408 obedivit,
1298 1371 1333 1402 et
1360 1367 1418 1403 die
1447 1369 1526 1403 Szva
1552 1368 1687 1404 mensis
1714 1368 1785 1404 Re-

168 1424 267 1473 ‹ljebi
295 1425 376 1460 anni
404 1425 475 1460 332
518 1426 556 1472 (7
582 1423 697 1460 Martii
723 1424 830 1473 944),
859 1429 940 1473 post
965 1424 1108 1460 fratrem
1137 1425 1390 1469 el-Hasanum,
1417 1433 1455 1463 ut
1479 1440 1560 1463 mos
1584 1427 1662 1469 fuit,
1690 1428 1784 1463 vica-

169 1484 258 1520 rium
299 1483 546 1525 constitutum,
587 1495 634 1518 ex
670 1484 845 1532 Aegypto
880 1483 1079 1532 profectus,
1107 1485 1326 1520 Damascum
1351 1485 1455 1522 venit.
1510 1486 1605 1522 Hinc
1633 1499 1785 1522 movens

168 1543 250 1579 01-ss
261 1556 374 1592 aqqae
404 1542 568 1578 khalifam
601 1542 784 1584 convenit,
812 1548 846 1578 et
873 1542 1003 1578 frustra
1028 1543 1202 1579 laboravit
1219 1549 1255 1579 ut
1270 1544 1303 1579 ei
1328 1545 1567 1593 persuaderet
1593 1559 1638 1581 ne
1657 1546 1785 1581 Turcis

168 1603 383 1644 confideret,
419 1614 572 1651 quornm
603 1601 789 1650 perfidiam
828 1608 862 1638 et
890 1603 1107 1651 praeceteris
1138 1603 1282 1639 Tuzuni
1311 1604 1344 1639 ei
1370 1604 1523 1641 minatus
1548 1610 1610 1641 est.
1665 1605 1784 1641 Enixe

167 1661 389 1710 supplicavit,
431 1666 468 1697 ut
505 1660 635 1696 khalifa
674 1660 708 1696 111
742 1660 885 1708 Syriam
925 1666 960 1697 et
995 1660 1078 1697 hinc
1118 1662 1153 1698 in
1182 1663 1394 1712 Aegyptum
1434 1676 1558 1700 secum
1592 1664 1721 1705 abiret,
1750 1670 1784 1701 et

167 1733 274 1770 quum
315 1720 493 1769 repulsam
527 1720 652 1762 ferret,
679 1719 923 1769 Ibn-Moqlam
952 1721 1113 1757 vezirum
1142 1722 1297 1771 rogavit,
1331 1726 1367 1758 ut
1393 1722 1422 1758 is
1449 1723 1573 1759 saltem
1603 1737 1642 1760 se
1671 1724 1783 1759 comi-

167 1785 308 1816 taretur.
368 1779 497 1815 Rebus
524 1779 663 1815 infectis
690 1779 910 1815 Damascum
951 1780 1071 1822 rediit,
1101 1785 1135 1816 et
1162 1781 1281 1829 paullo
1310 1785 1393 1830 post
1419 1781 1566 1825 khalifa,
1594 1783 1783 1819 oculorum

168 1852 232 1875 usu
262 1839 435 1888 privatus,
460 1851 525 1887 per
547 1839 738 1874 Tuzunum
764 1839 916 1887 imperio
946 1844 1077 1875 exutus
1106 1848 1169 1876 est.
1224 1839 1539 1877 El-Ikhschidhoc
1554 1846 1717 1890 tempore
1735 1842 1784 1878 el-

167 1898 367 1934 Huseinum
397 1898 508 1934 filium
536 1897 639 1933 Lului
666 1898 849 1933 Damasco
882 1898 1069 1947 praefecit,
1098 1912 1205 1948 quem
1234 1904 1315 1948 post
1343 1912 1474 1936 annum
1499 1905 1533 1936 et
1558 1914 1701 1937 menses
1723 1900 1783 1936 ali-

166 1963 252 2006 quot
274 1957 497 2006 praefectura
513 1958 687 1993 Emessae
708 1956 867 1999 donavit,
888 1958 1108 1994 Damascum
1122 1959 1244 1994 Janiso
1261 1959 1461 1995 Munisidae
1478 1959 1606 1995 iterum
1625 1960 1778 1995 tradens.

165 2017 225 2052 Ad
256 2017 471 2066 Aegyptum
502 2020 705 2058 revertenS,
738 2016 796 2051 dic
828 2018 897 2053 4:ta
923 2018 1128 2065 Djumadae
1156 2018 1301 2067 prioris,
1333 2031 1427 2054 anno
1457 2019 1529 2054 3:33
1547 2019 1782 2065 (9313606111-

163 2076 238 2112 bris
277 2077 366 2124 944)
410 2088 455 2110 eo
497 2076 608 2117 venit,
639 2075 699 2111 ubi
726 2088 858 2111 mense
887 2084 1062 2125 sequente
1099 2077 1251 2126 accepit,
1282 2076 1544 2126 el-Muttaqium
1569 2091 1587 2113 a
1616 2076 1783 2113 khalifatu

167 2148 246 2171 esse
273 2139 478 2176 remotum,
509 2140 543 2170 et
570 2134 870 2176 el-Rflustekfium,
898 2135 932 2171 111
961 2135 1052 2171 hanc
1081 2136 1286 2186 dignitatem
1304 2140 1483 2177 evectum,
1505 2148 1544 2170 se
1559 2136 1780 2184 praesectum

168 2194 296 2242 Syriae
324 2199 359 2230 et
384 2194 546 2243 Aegypti
575 2194 770 2243 diplomate
800 2194 883 2230 dato
911 2195 1129 2231 nominasse.

315 2295 588 2338 Hamdanidae,
631 2309 701 2332 non
730 2297 842 2345 magis
868 2296 1004 2332 virtutis
1030 2295 1144 2345 gloria
1171 2308 1277 2343 quam
1304 2295 1530 2330 scientiarum
1558 2307 1683 2331 amore
1711 2296 1781 2331 cla-

167 2353 308 2395 rissimi,
337 2359 420 2390 tunc
448 2355 620 2403 temporis
648 2356 682 2391 in
710 2369 890 2391 summum
921 2354 1100 2404 potentiae
1126 2367 1213 2390 suae
1240 2354 1417 2403 fastigium
1442 2354 1585 2395 sublati,
1611 2353 1693 2389 nihil
1726 2367 1781 2390 ar-

167 2412 304 2448 dentius
332 2413 562 2461 appetebant,
595 2427 700 2462 qnam
731 2420 766 2450 ut
795 2415 937 2463 Syriam
968 2414 1035 2449 sibi
1062 2413 1292 2449 vindicarent.
1322 2413 1417 2449 Fieri
1448 2426 1520 2449 non
1543 2413 1670 2461 potuit,
1696 2413 1779 2461 quin

166 2483 212 2506 ex
239 2471 304 2506 hac
330 2485 457 2508 caussa
485 2473 690 2508 discordiae
718 2473 809 2509 inter
840 2487 904 2509 eos
933 2478 967 2509 et
985 2471 1265 2509 el-Ikhschidum
1288 2477 1529 2508 nascerentur.
1559 2471 1778 2507 Inimicitiam

165 2529 269 2579 igitur
307 2530 585 2567 Seif-el-daulae
621 2531 655 2566 in
689 2531 822 2567 bellum
851 2545 939 2567 mox
966 2532 1165 2573 transiisse,
1195 2543 1267 2566 non
1293 2531 1422 2567 mirum
1450 2531 1598 2567 videtur.
1635 2531 1778 2566 Halebo

168 2594 284 2636 capta,
323 2589 492 2624 Janisum
535 2589 619 2625 inde
659 2590 812 2638 expulit,
853 2590 912 2638 qui
938 2603 978 2625 se
1004 2590 1039 2626 111
1066 2591 1277 2639 Aegyptum
1303 2590 1397 2638 apud
1426 2590 1610 2625 dominum
1635 2590 1778 2637 recepit.

169 2646 289 2682 Ambo
329 2647 531 2683 adversarii
568 2660 690 2696 pares,
730 2649 833 2685 simili
864 2649 992 2697 Syriae
1021 2649 1262 2696 possidendae
1297 2649 1464 2696 cupidine
1499 2648 1582 2689 acti,
1614 2660 1685 2683 non
1714 2648 1779 2682 nisi
