2435 3188
733 268 814 309 326

679 375 758 418 lum,
785 377 991 411 denudatum
1018 381 1050 411 et
1076 380 1314 416 incrustatum,
1343 390 1361 412 e
1389 377 1506 424 quibus
1532 377 1680 424 primum,
1704 383 1737 412 ut
1764 390 1839 412 mox
1866 377 2061 419 videbimus,
2083 378 2151 424 jam
2174 384 2267 414 antea

681 442 749 470 erat
777 436 971 470 distinctum.
1024 434 1071 469 At
1097 447 1272 469 secernere
1299 447 1364 469 non
1399 435 1496 469 valuit
1532 435 1584 470 St.
1614 444 1828 470 tomentosnm
1856 442 1888 471 et
1909 436 2075 484 paschale
2099 438 2128 471 ei
2156 438 2269 477 obvia,

679 494 739 530 sed
766 495 827 529 sub
853 494 918 529 hoc
942 494 1071 529 nomine
1112 506 1148 527 ea
1182 494 1348 538 conjunxit
1369 499 1402 527 et
1424 494 1453 527 in
1482 495 1653 529 exsiccatis
1683 493 1869 542 divulgavit.
1925 494 2081 533 Quartam
2109 497 2268 542 quintam-

679 567 744 601 que
779 567 897 588 novam
926 553 1087 600 speciem,
1124 551 1176 586 St.
1201 552 1487 586 Meissnerianmn
1512 559 1544 587 et
1564 558 1788 600 pruinosum,
1818 555 2086 589 commemoravit
2118 566 2269 601 quoque,

679 613 739 648 sed
770 612 1010 660 descriptiones
1036 624 1100 645 non
1128 609 1226 644 dedit.

826 691 949 726 Veram
994 690 1105 724 harum
1148 688 1328 736 plantarum
1371 688 1592 734 cognitionem
1633 689 1768 723 maxime
1809 689 1926 724 deiude
1969 689 2128 724 debemus
2178 689 2268 724 Patri

679 757 792 785 nostro
820 751 987 785 carissimo
1016 748 1189 795 eidemque
1218 747 1428 794 praeceptori
1463 747 1605 793 optimo,
1644 745 1765 782 ELIAE
1791 747 1923 788 me,
1957 750 2010 796 qui
2034 749 2063 782 in
2092 748 2269 783 Srhedzzlis

678 811 744 844 suis
772 814 901 844 criticis
929 805 1267 851 (MDCCCXXIV)
1304 811 1336 840 ut
1363 807 1509 852 speciem
1539 807 1705 852 propriam
1746 808 1878 853 agnovit
1904 806 1955 841 St.
1984 815 2199 842 tomentosum
2236 814 2269 842 et

678 883 797 903 nomen
832 867 1006 916 paschalis
1046 879 1143 901 verae
1187 864 1393 899 Linnaeanae
1433 865 1557 911 speciei
1598 866 1768 912 imposuit,
1806 866 1868 910 iarn
1905 872 1996 900 antea
2030 867 2060 900 in
2095 867 2268 901 exsiccatis

677 927 770 962 Lich.
798 926 897 962 Suec.
933 932 965 960 ut
997 938 1117 959 novum
1149 924 1357 959 distribuerat
1390 923 1441 958 St.
1473 923 1676 957 coralloides.
1728 922 1763 957 lu
1790 925 1913 970 optimo
1936 924 1989 957 illo
2017 924 2116 965 libro,
2144 925 2268 972 Syste-

678 995 766 1021 mate
801 985 898 1021 Orbis
931 982 1144 1030 Vegetabilis,
1182 983 1262 1017 duas
1299 984 1445 1018 exoticas
1484 983 1615 1029 species
1659 989 1827 1029 praeterea
1867 982 2057 1029 descripsit,
2096 983 2146 1018 St.
2174 985 2268 1030 fur-

675 1054 789 1081 culum
813 1052 844 1079 et
871 1045 1048 1079 laccatmn.
1105 1042 1138 1077 ln
1166 1041 1453 1089 Liclienographia
1481 1040 1608 1088 Europ.
1639 1041 2067 1088 exhibuitmonogr-apiriam
2094 1041 2268 1077 Laureria-

677 1118 750 1139 nam
780 1105 963 1151 specierum
994 1115 1241 1149 europaearum,
1268 1114 1364 1148 quam
1392 1114 1455 1134 non
1483 1107 1582 1134 totam
1612 1101 1641 1134 in
1672 1100 1778 1135 lucem
1805 1100 1968 1148 prodiisse
1994 1100 2169 1135 dolendum
2188 1115 2266 1136 sane

675 1170 725 1198 est
741 1163 780 1207 ⁴).
834 1162 886 1197 St.
915 1162 1069 1209 alpinum
1097 1167 1129 1195 ut
1153 1174 1237 1195 nova
1273 1161 1404 1207 species
1440 1160 1484 1193 ibi
1522 1160 1727 1206 proponitur,
1766 1159 1825 1194 sed
1852 1172 1870 1193 e
1896 1160 2058 1193 contrario
2097 1159 2135 1193 ad
2172 1174 2266 1195 unam

676 1224 916 1268 coniunguntur
943 1220 994 1255 Sl.
1024 1221 1277 1259 condensatum,
1306 1219 1571 1265 condylor'demn,
1610 1219 1807 1252 cereolirmm
1842 1224 1873 1252 et
1900 1218 2084 1266 pileatum,
2114 1232 2174 1253 nec
2201 1233 2266 1254 nou

676 1282 727 1316 St.
754 1280 945 1327 botryosum
972 1286 1004 1314 et
1026 1280 1195 1327 alpinum,
1226 1285 1258 1313 ut
1285 1291 1437 1313 numerus
1471 1278 1655 1324 specierum
1685 1278 1712 1311 in
1741 1276 1875 1325 Europa
1908 1278 2184 1324 provenientium,
2212 1278 2264 1314 St.

674 1346 848 1375 vesuzviano
877 1350 909 1373 ut
933 1339 1028 1373 dubia
1057 1339 1159 1372 l'orma
1195 1338 1387 1385 proposito,
1425 1343 1501 1371 octo
1531 1335 1647 1370 evadit.
1694 1356 1739 1362 —
1783 1335 1882 1370 Anno
1913 1338 2062 1383 proxime
2087 1338 2264 1383 praeterito

672 1398 789 1433 BORY
829 1399 858 1433 in
897 1397 997 1433 DUB.
1024 1396 1102 1431 Bot.
1128 1395 1214 1431 Gall.
1245 1396 1297 1431 St.
1326 1396 1453 1430 Delzsez·
1480 1401 1512 1430 et
1537 1394 1743 1429 SPRENGEL
1770 1396 1801 1429 in
1825 1393 1915 1443 Syst.
1947 1393 2036 1442 Veg.
2067 1393 2126 1431 IV.
2155 1396 2266 1443 paullo

675 1464 768 1493 antea
789 1457 877 1493 edito
905 1457 957 1492 St.
982 1462 1157 1502 virgatam
1191 1454 1295 1490 »Ach.
1325 1456 1354 1490 in
1382 1455 1456 1489 litt.«
1491 1458 1545 1499 (z
1571 1453 1623 1489 St.
1641 1454 1834 1500 ficrcatum
1861 1453 1935 1497 Fr.)
1961 1453 2216 1501 descripserunt.

823 1545 900 1581 Hoc
928 1546 1027 1581 modo
1056 1559 1171 1581 omnes
1199 1547 1330 1593 species
1358 1547 1420 1591 jam
1445 1546 1596 1592 cognitae
1612 1544 1798 1592 descriptae
1825 1550 1908 1585 sunt,
1935 1546 1961 1579 si
1989 1544 2089 1579 modo
2115 1544 2266 1579 addimus

674 1607 802 1642 exotica
831 1605 884 1641 St.
910 1619 1170 1653 macrocarpum
1194 1619 1210 1639 a
1238 1604 1430 1641 RICHARD.
1458 1602 1841 1652 St.sphaer0plcor0ides
1870 1617 1887 1637 a
1919 1602 2181 1644 TUCKERMAN‚
2209 1602 2263 1638 St.

672 1666 793 1710 Argus
820 1678 835 1698 a
867 1662 1063 1699 Hooxmzo
1092 1664 1148 1705 fil„
1175 1663 1228 1699 St.
1250 1663 1399 1699 Colensoz'
1425 1676 1443 1697 a
1469 1661 1892 1699 Cfluncn.BAB1NGT0N
1918 1668 1950 1697 et
1978 1662 2030 1697 St.
2045 1667 2218 1696 azaricam
2246 1674 2264 1696 a

672 1723 893 1759 NYLANDER
922 1723 1143 1758 determinata.
1199 1722 1370 1761 Quaenam
1395 1735 1436 1757 ex
1470 1722 1519 1757 his
1552 1723 1615 1756 sint
1640 1722 1772 1769 species
1800 1727 1995 1756 autonomae
2022 1721 2075 1756 vel
2097 1734 2162 1755 non
2189 1726 2263 1756 ante

673 1783 870 1831 descriptae,
893 1782 972 1817 infra
996 1781 1199 1816 indicabitur.

819 1858 939 1894 Restat
964 1872 1050 1893 nunc
1074 1859 1173 1893 modo
1195 1858 1327 1900 addere,
1355 1857 1666 1893 WALLROTHIUM
1692 1858 1722 1891 in
1749 1857 1901 1905 singulari
1929 1870 1986 1892 sua
2011 1857 2120 1892 Flora
2141 1856 2263 1906 Crypt.

675 1920 837 1954 German.
875 1918 915 1952 ad
954 1931 1058 1965 genus
1098 1917 1309 1951 Patellarme
1338 1917 1556 1953 Stereocaula
1596 1916 1745 1951 retulisse
1779 1922 1811 1951 et
1844 1916 1885 1950 ad
1909 1923 1975 1951 tres
2004 1915 2104 1950 modo
2130 1917 2263 1965 species

671 1977 859 2025 redegisse:
887 1978 928 2012 P.
941 1985 1158 2013 tomentosam
1184 1979 1239 2021 (=
1257 1975 1309 2011 St.
1327 1981 1566 2016 incrustatum,
1586 1983 1813 2015 tmuentosum,
1837 1975 2032 2010 coralloides
2049 1981 2081 2010 et
2098 1975 2261 2024 nanum),

669 2038 710 2072 P.
739 2036 938 2085 paschalem
973 2039 1028 2081 (=
1055 2035 1107 2071 St.
1141 2035 1363 2075 denudatum,
1404 2035 1559 2082 alpinum
1573 2033 1642 2084 (³)
1677 2040 1710 2069 et
1740 2033 1929 2082 paschale)
1961 2040 1994 2069 et
2027 2034 2066 2069 Ρ.
2092 2034 2262 2083 pileatum

670 2102 721 2138 (=
749 2096 800 2132 St.
833 2096 1031 2130 cereolinum
1069 2092 1401 2142 condensatumque).
1449 2115 1492 2120 —-
1537 2092 1794 2129 SCHAERERUS
1834 2095 1864 2128 in
1903 2092 2086 2141 Spicilegio
2130 2099 2262 2142 praeter

674 2155 932 2191 »Stereocaulon
947 2155 1066 2201 stmgi
1089 2167 1194 2188 orme«
1229 2154 1262 2198 (i.
1291 2166 1318 2187 e.
1344 2153 1527 2187 Biatoram
1549 2151 1732 2199 bys-soidem
1759 2151 1840 2199 (L.))
1869 2158 2008 2200 quatuor
2030 2151 2129 2187 modo
2144 2165 2260 2187 recen-

670 2221 720 2249 set
744 2216 892 2262 species2
921 2227 1005 2262 quae
1033 2219 1121 2248 sunt:
1151 2212 1204 2248 St.
1233 2219 1450 2247 tomento-mm
1476 2213 1531 2256 (=
1558 2211 1610 2247 St.
1636 2217 1875 2251 incrustatum,
1896 2211 2062 2259 paschale
2089 2215 2137 2259 (p.
2160 2213 2210 2259 p.)
2229 2218 2261 2246 et

668 2282 884 2308 tomeutosum
916 2278 960 2320 (p.
987 2274 1065 2320 p.)),
1100 2271 1152 2307 St.
1178 2271 1344 2319 paschale
1382 2271 1438 2316 (=
1466 2270 1517 2305 St.
1551 2271 1805 2311 condensatum,
1846 2270 2060 2310 cereolinum,
2093 2270 2261 2318 paschale

668 2334 716 2379 (p.
746 2336 811 2379 p.),
838 2333 1033 2367 cos-alloides
1059 2337 1091 2366 et
1118 2330 1368 2378 denudatum),
1405 2329 1456 2364 St.
1477 2329 1630 2377 alpinum
1659 2331 1715 2376 (z
1743 2329 1796 2365 St.
1828 2337 2044 2364 tomentosum
2074 2330 2122 2376 (p.
2150 2331 2201 2377 p.)
2227 2336 2260 2364 et

665 2392 819 2438 alpinum
821 2390 846 2438 )
873 2398 970 2439 atque
996 2391 1048 2426 St.
1077 2389 1295 2437 quisquiliczre
1318 2388 1350 2438 ζ
1346 2388 1398 2423 St.
1416 2387 1577 2437 nanum),
1603 2388 1663 2422 sed
1690 2390 1764 2436 quia
1792 2402 1903 2423 verum
1935 2387 1987 2422 St.
2010 2387 2175 2435 paschale
2192 2401 2257 2422 non

769 2485 788 2513 ‘)
808 2483 916 2508 Praeter
936 2483 1098 2513 LAunEnum,
1118 2483 1159 2517 qui
1178 2491 1225 2517 per
1243 2482 1349 2515 longum
1369 2481 1493 2514 temporis
1513 2481 1625 2515 spatium
1645 2482 1668 2506 in
1688 2480 1964 2515 monographiahujus
1977 2481 2080 2515 generis
2100 2480 2260 2506 elaboranda

664 2533 784 2552 versatus
804 2532 853 2556 est,
872 2527 948 2551 etiam
969 2527 1109 2551 acerrimus
1130 2526 1171 2550 ille
1190 2525 1338 2559 Norvegiae
1358 2524 1538 2558 lichenologus
1559 2524 1746 2549 Sommnrmr
1766 2524 1831 2549 hanc
1850 2533 1904 2549 rem
1923 2533 2065 2558 aggressus
2085 2528 2148 2554 erat,
2168 2533 2258 2558 quam-

664 2571 720 2604 quis
753 2574 917 2603 praematura
947 2577 1018 2593 mors
1051 2577 1107 2593 eum
1139 2568 1311 2602 impediverit,
1343 2568 1480 2602 quominus
1513 2566 1544 2592 ad
1572 2567 1647 2592 finem
1666 2567 1828 2601 perduceret.
1865 2566 1892 2591 Si
1914 2567 1979 2592 alter
1998 2567 2089 2592 horum
2108 2567 2211 2601 ingenio
2231 2571 2257 2592 et

663 2613 738 2637 animi
758 2613 902 2646 sagacitate
921 2611 1098 2645 praeditorum
1117 2612 1228 2636 virorum
1247 2612 1296 2636 hoc
1317 2619 1384 2645 opus
1405 2610 1574 2645 perfecisset,
1603 2615 1655 2635 tum
1679 2618 1743 2635 sane
1762 2609 1925 2635 difficillimae
1943 2609 2001 2635 huic
2021 2610 2056 2635 rei
2076 2610 2117 2634 vix
2135 2618 2256 2643 umquam

662 2655 879 2680 inculmissenuis.
