<?xml version="1.0" encoding="UTF-8"?>
<!DOCTYPE html PUBLIC "-//W3C//DTD XHTML 1.0 Transitional//EN"
    "http://www.w3.org/TR/xhtml1/DTD/xhtml1-transitional.dtd">
<html xmlns="http://www.w3.org/1999/xhtml" xml:lang="en" lang="en">
 <head>
  <title>
</title>
<meta http-equiv="Content-Type" content="text/html;charset=utf-8" />
  <meta name='ocr-system' content='tesseract 3.04.00' />
  <meta name='ocr-capabilities' content='ocr_page ocr_carea ocr_par ocr_line ocrx_word'/>
</head>
<body>
  <div class='ocr_page' id='page_1' title='image "./novaactaregiaeso325658kung_0102.png"; bbox 0 0 2435 3188; ppageno 0'>
   <div class='ocr_carea' id='block_1_1' title="bbox 684 247 744 287">
    <p class='ocr_par' dir='ltr' id='par_1_1' title="bbox 684 247 744 287">
     <span class='ocr_line' id='line_1_1' title="bbox 684 247 744 287; baseline 0 0"><span class='ocrx_word' id='word_1_1' title='bbox 684 247 744 287; x_wconf 77' lang='lat'>90</span> 
     </span>
    </p>
   </div>
   <div class='ocr_carea' id='block_1_2' title="bbox 628 349 2246 930">
    <p class='ocr_par' dir='ltr' id='par_1_2' title="bbox 628 349 2246 930">
     <span class='ocr_line' id='line_1_2' title="bbox 782 349 2241 401; baseline -0.002 -14"><span class='ocrx_word' id='word_1_2' title='bbox 782 351 961 388; x_wconf 86' lang='lat' dir='ltr'><strong>Omnibus</strong></span> <span class='ocrx_word' id='word_1_3' title='bbox 989 351 1172 401; x_wconf 82' lang='lat' dir='ltr'>cognitum</span> <span class='ocrx_word' id='word_1_4' title='bbox 1200 356 1262 392; x_wconf 87' lang='lat' dir='ltr'>est,</span> <span class='ocrx_word' id='word_1_5' title='bbox 1287 363 1384 400; x_wconf 89' lang='lat' dir='ltr'>spec.</span> <span class='ocrx_word' id='word_1_6' title='bbox 1413 351 1511 387; x_wconf 82' lang='grc'>6-8</span> <span class='ocrx_word' id='word_1_7' title='bbox 1539 350 1728 387; x_wconf 87' lang='lat' dir='ltr'>varietates</span> <span class='ocrx_word' id='word_1_8' title='bbox 1755 349 1859 385; x_wconf 86' lang='lat' dir='ltr'>unius</span> <span class='ocrx_word' id='word_1_9' title='bbox 1892 349 2132 398; x_wconf 85' lang='lat' dir='ltr'>ejusdemque</span> <span class='ocrx_word' id='word_1_10' title='bbox 2160 361 2241 398; x_wconf 89' lang='lat' dir='ltr'>spe—</span> 
     </span>
     <span class='ocr_line' id='line_1_3' title="bbox 631 409 2244 460; baseline -0.002 -13"><span class='ocrx_word' id='word_1_11' title='bbox 631 411 699 447; x_wconf 89' lang='lat' dir='ltr'>ciei</span> <span class='ocrx_word' id='word_1_12' title='bbox 731 410 916 460; x_wconf 76' lang='lat' dir='ltr'>effingere,</span> <span class='ocrx_word' id='word_1_13' title='bbox 946 422 1039 460; x_wconf 84' lang='lat' dir='ltr'>quae</span> <span class='ocrx_word' id='word_1_14' title='bbox 1072 411 1171 446; x_wconf 74' lang='lat' dir='ltr'>Ther.</span> <span class='ocrx_word' id='word_1_15' title='bbox 1203 411 1366 446; x_wconf 67' lang='lat' dir='ltr'>lineatum</span> <span class='ocrx_word' id='word_1_16' title='bbox 1406 410 1620 459; x_wconf 85' lang='lat' dir='ltr'>appellanda</span> <span class='ocrx_word' id='word_1_17' title='bbox 1660 413 1722 452; x_wconf 87' lang='lat' dir='ltr'>est,</span> <span class='ocrx_word' id='word_1_18' title='bbox 1760 421 1879 458; x_wconf 86' lang='lat' dir='ltr'>quum,</span> <span class='ocrx_word' id='word_1_19' title='bbox 1910 421 2002 457; x_wconf 87' lang='lat' dir='ltr'>quae</span> <span class='ocrx_word' id='word_1_20' title='bbox 2040 409 2193 444; x_wconf 86' lang='lat' dir='ltr'>varietas</span> <span class='ocrx_word' id='word_1_21' title='bbox 2224 420 2244 443; x_wconf 85' lang='lat' dir='ltr'>a</span> 
     </span>
     <span class='ocr_line' id='line_1_4' title="bbox 632 467 2243 518; baseline -0.001 -12"><span class='ocrx_word' id='word_1_22' title='bbox 632 470 829 506; x_wconf 78' lang='lat' dir='ltr'>CLERCKIO</span> <span class='ocrx_word' id='word_1_23' title='bbox 856 468 927 505; x_wconf 92' lang='lat' dir='ltr'>hoc</span> <span class='ocrx_word' id='word_1_24' title='bbox 955 468 1102 504; x_wconf 88' lang='lat' dir='ltr'>nomine</span> <span class='ocrx_word' id='word_1_25' title='bbox 1129 473 1287 511; x_wconf 85' lang='lat' dir='ltr'>vocatur,</span> <span class='ocrx_word' id='word_1_26' title='bbox 1316 482 1359 505; x_wconf 85' lang='lat' dir='ltr'>ea</span> <span class='ocrx_word' id='word_1_27' title='bbox 1382 469 1497 505; x_wconf 87' lang='lat' dir='ltr'>forma</span> <span class='ocrx_word' id='word_1_28' title='bbox 1526 469 1685 505; x_wconf 82' lang='lat' dir='ltr'>maxime</span> <span class='ocrx_word' id='word_1_29' title='bbox 1711 468 1866 518; x_wconf 80' lang='lat' dir='ltr'>vulgaris</span> <span class='ocrx_word' id='word_1_30' title='bbox 1881 467 1925 503; x_wconf 91' lang='lat' dir='ltr'>sit</span> <span class='ocrx_word' id='word_1_31' title='bbox 1951 474 2001 510; x_wconf 86' lang='lat' dir='ltr'>et,</span> <span class='ocrx_word' id='word_1_32' title='bbox 2032 473 2068 504; x_wconf 92' lang='lat' dir='ltr'>ut</span> <span class='ocrx_word' id='word_1_33' title='bbox 2091 469 2243 505; x_wconf 78' lang='lat' dir='ltr'>Kocnlo</span> 
     </span>
     <span class='ocr_line' id='line_1_5' title="bbox 632 526 2246 578; baseline -0.001 -13"><span class='ocrx_word' id='word_1_34' title='bbox 632 541 779 578; x_wconf 90' lang='lat' dir='ltr'>quoque</span> <span class='ocrx_word' id='word_1_35' title='bbox 807 528 931 577; x_wconf 86' lang='lat' dir='ltr'>placet,</span> <span class='ocrx_word' id='word_1_36' title='bbox 949 529 1080 575; x_wconf 81' lang='lat' dir='ltr'>forma</span> <span class='ocrx_word' id='word_1_37' title='bbox 1107 529 1323 577; x_wconf 72' lang='lat' dir='ltr'>principalis</span> <span class='ocrx_word' id='word_1_38' title='bbox 1364 527 1614 563; x_wconf 86' lang='lat' dir='ltr'>existimanda.</span> <span class='ocrx_word' id='word_1_39' title='bbox 1682 527 1793 571; x_wconf 85' lang='lat' dir='ltr'>Quod</span> <span class='ocrx_word' id='word_1_40' title='bbox 1832 526 1937 563; x_wconf 82' lang='lat' dir='ltr'>etiam</span> <span class='ocrx_word' id='word_1_41' title='bbox 1978 540 2026 563; x_wconf 88' lang='lat' dir='ltr'>ex</span> <span class='ocrx_word' id='word_1_42' title='bbox 2058 540 2103 563; x_wconf 85' lang='lat' dir='ltr'>eo</span> <span class='ocrx_word' id='word_1_43' title='bbox 2131 527 2246 563; x_wconf 90' lang='lat' dir='ltr'>videri</span> 
     </span>
     <span class='ocr_line' id='line_1_6' title="bbox 628 585 2244 637; baseline -0.002 -13"><span class='ocrx_word' id='word_1_44' title='bbox 628 587 721 630; x_wconf 86' lang='lat' dir='ltr'>licet,</span> <span class='ocrx_word' id='word_1_45' title='bbox 748 587 849 637; x_wconf 90' lang='lat' dir='ltr'>quod</span> <span class='ocrx_word' id='word_1_46' title='bbox 864 588 997 637; x_wconf 75' lang='lat' dir='ltr'>pulluli</span> <span class='ocrx_word' id='word_1_47' title='bbox 1024 585 1131 633; x_wconf 90' lang='lat' dir='ltr'>hujus</span> <span class='ocrx_word' id='word_1_48' title='bbox 1154 599 1300 634; x_wconf 80' lang='lat' dir='ltr'><strong>semper</strong></span> <span class='ocrx_word' id='word_1_49' title='bbox 1323 590 1405 622; x_wconf 89' lang='lat' dir='ltr'>sunt</span> <span class='ocrx_word' id='word_1_50' title='bbox 1431 586 1618 627; x_wconf 84' lang='lat' dir='ltr'>varietatis,</span> <span class='ocrx_word' id='word_1_51' title='bbox 1650 590 1693 627; x_wconf 92' lang='lat' dir='ltr'>et,</span> <span class='ocrx_word' id='word_1_52' title='bbox 1722 590 1759 621; x_wconf 89' lang='lat' dir='ltr'>ut</span> <span class='ocrx_word' id='word_1_53' title='bbox 1786 590 1961 628; x_wconf 77' lang='lat' dir='ltr'>crescunt,</span> <span class='ocrx_word' id='word_1_54' title='bbox 1992 591 2066 621; x_wconf 88' lang='lat' dir='ltr'>tum</span> <span class='ocrx_word' id='word_1_55' title='bbox 2093 587 2244 635; x_wconf 85' lang='lat' dir='ltr'>primum</span> 
     </span>
     <span class='ocr_line' id='line_1_7' title="bbox 628 645 2242 694; baseline -0.001 -12"><span class='ocrx_word' id='word_1_56' title='bbox 628 646 776 683; x_wconf 84' lang='lat' dir='ltr'>rubram</span> <span class='ocrx_word' id='word_1_57' title='bbox 802 646 896 682; x_wconf 86' lang='lat' dir='ltr'>illam</span> <span class='ocrx_word' id='word_1_58' title='bbox 934 645 1107 693; x_wconf 84' lang='lat' dir='ltr'>picturam</span> <span class='ocrx_word' id='word_1_59' title='bbox 1149 648 1343 686; x_wconf 88' lang='lat' dir='ltr'>assumunt,</span> <span class='ocrx_word' id='word_1_60' title='bbox 1385 657 1478 694; x_wconf 89' lang='lat' dir='ltr'>quae</span> <span class='ocrx_word' id='word_1_61' title='bbox 1512 646 1577 681; x_wconf 80' lang='lat' dir='ltr'>Ar.</span> <span class='ocrx_word' id='word_1_62' title='bbox 1607 654 1742 681; x_wconf 73' lang='lat' dir='ltr'>ovatum</span> <span class='ocrx_word' id='word_1_63' title='bbox 1770 649 1805 680; x_wconf 90' lang='lat' dir='ltr'>et</span> <span class='ocrx_word' id='word_1_64' title='bbox 1832 646 2026 680; x_wconf 69' lang='lat' dir='ltr'>redimitum</span> <span class='ocrx_word' id='word_1_65' title='bbox 2053 645 2242 694; x_wconf 83' lang='lat' dir='ltr'>distinguit.</span> 
     </span>
     <span class='ocr_line' id='line_1_8' title="bbox 629 703 2243 754; baseline -0.001 -12"><span class='ocrx_word' id='word_1_66' title='bbox 629 706 689 742; x_wconf 86' lang='lat' dir='ltr'>Ex</span> <span class='ocrx_word' id='word_1_67' title='bbox 727 703 946 754; x_wconf 88' lang='lat' dir='ltr'>synonymis</span> <span class='ocrx_word' id='word_1_68' title='bbox 986 708 1142 751; x_wconf 81' lang='lat' dir='ltr'>apparet,</span> <span class='ocrx_word' id='word_1_69' title='bbox 1184 703 1371 739; x_wconf 86' lang='lat' dir='ltr'>nominum</span> <span class='ocrx_word' id='word_1_70' title='bbox 1411 703 1697 753; x_wconf 90' lang='lat' dir='ltr'>unumquodque</span> <span class='ocrx_word' id='word_1_71' title='bbox 1740 715 1828 739; x_wconf 89' lang='lat' dir='ltr'>suos</span> <span class='ocrx_word' id='word_1_72' title='bbox 1870 703 2028 740; x_wconf 85' lang='lat' dir='ltr'>fautores</span> <span class='ocrx_word' id='word_1_73' title='bbox 2065 703 2243 741; x_wconf 87' lang='lat' dir='ltr'>habuisse.</span> 
     </span>
     <span class='ocr_line' id='line_1_9' title="bbox 630 761 2244 811; baseline -0.001 -10"><span class='ocrx_word' id='word_1_74' title='bbox 630 765 806 801; x_wconf 75' lang='lat' dir='ltr'>Kocmus</span> <span class='ocrx_word' id='word_1_75' title='bbox 833 768 867 799; x_wconf 86' lang='lat' dir='ltr'>et</span> <span class='ocrx_word' id='word_1_76' title='bbox 896 763 1185 803; x_wconf 78' lang='lat' dir='ltr'><strong>WESTRINGIUS,</strong></span> <span class='ocrx_word' id='word_1_77' title='bbox 1225 761 1286 810; x_wconf 91' lang='lat' dir='ltr'>qui</span> <span class='ocrx_word' id='word_1_78' title='bbox 1325 763 1472 799; x_wconf 87' lang='lat' dir='ltr'>nomina</span> <span class='ocrx_word' id='word_1_79' title='bbox 1512 763 1718 799; x_wconf 86' lang='lat' dir='ltr'>Linnaeana</span> <span class='ocrx_word' id='word_1_80' title='bbox 1754 761 1956 811; x_wconf 80' lang='lat' dir='ltr'>antiquiora</span> <span class='ocrx_word' id='word_1_81' title='bbox 1997 762 2244 805; x_wconf 78' lang='lat' dir='ltr'>crediderunt,</span> 
     </span>
     <span class='ocr_line' id='line_1_10' title="bbox 633 820 2246 871; baseline -0.001 -11"><span class='ocrx_word' id='word_1_82' title='bbox 633 825 826 860; x_wconf 73' lang='lat' dir='ltr'>redimitmn</span> <span class='ocrx_word' id='word_1_83' title='bbox 846 821 1081 870; x_wconf 89' lang='lat' dir='ltr'>scripserunt:</span> <span class='ocrx_word' id='word_1_84' title='bbox 1111 820 1385 859; x_wconf 83' lang='lat' dir='ltr'><strong>SUNDEVALLIO</strong></span> <span class='ocrx_word' id='word_1_85' title='bbox 1405 835 1539 858; x_wconf 89' lang='lat' dir='ltr'>nomen</span> <span class='ocrx_word' id='word_1_86' title='bbox 1556 828 1647 858; x_wconf 68' lang='lat' dir='ltr'>orati</span> <span class='ocrx_word' id='word_1_87' title='bbox 1672 821 1856 871; x_wconf 86' lang='lat' dir='ltr'>probatur.</span> <span class='ocrx_word' id='word_1_88' title='bbox 1909 821 2246 859; x_wconf 75' lang='lat' dir='ltr'>VVALCKENAEMUS</span> 
     </span>
     <span class='ocr_line' id='line_1_11' title="bbox 632 879 1981 930; baseline -0.002 -11"><span class='ocrx_word' id='word_1_89' title='bbox 632 885 684 930; x_wconf 91' lang='lat' dir='ltr'>(et</span> <span class='ocrx_word' id='word_1_90' title='bbox 711 883 1034 929; x_wconf 58' lang='lat' dir='ltr'>ssmcanuus)</span> <span class='ocrx_word' id='word_1_91' title='bbox 1061 879 1153 915; x_wconf 88' lang='lat' dir='ltr'>hanc</span> <span class='ocrx_word' id='word_1_92' title='bbox 1182 880 1340 928; x_wconf 82' lang='lat' dir='ltr'>speciem</span> <span class='ocrx_word' id='word_1_93' title='bbox 1369 886 1468 917; x_wconf 88' lang='lat' dir='ltr'>recte</span> <span class='ocrx_word' id='word_1_94' title='bbox 1498 882 1598 917; x_wconf 81' lang='lat' dir='ltr'>Ther.</span> <span class='ocrx_word' id='word_1_95' title='bbox 1630 883 1793 917; x_wconf 57' lang='lat' dir='ltr'>lineatum</span> <span class='ocrx_word' id='word_1_96' title='bbox 1820 880 1981 930; x_wconf 87' lang='lat' dir='ltr'>appellat.</span> 
     </span>
    </p>
   </div>
   <div class='ocr_carea' id='block_1_3' title="bbox 863 1032 1836 1082">
    <p class='ocr_par' dir='ltr' id='par_1_3' title="bbox 863 1032 1836 1082">
     <span class='ocr_line' id='line_1_12' title="bbox 863 1032 1836 1082; baseline 0.001 -14"><span class='ocrx_word' id='word_1_97' title='bbox 863 1033 922 1081; x_wconf 81' lang='lat' dir='ltr'>Sp.</span> <span class='ocrx_word' id='word_1_98' title='bbox 951 1033 983 1068; x_wconf 81' lang='lat'>9.</span> <span class='ocrx_word' id='word_1_99' title='bbox 1039 1032 1360 1068; x_wconf 84' lang='lat' dir='ltr'>CELLULANUS.</span> <span class='ocrx_word' id='word_1_100' title='bbox 1389 1046 1421 1082; x_wconf 89' lang='lat' dir='ltr'>p.</span> <span class='ocrx_word' id='word_1_101' title='bbox 1452 1033 1509 1068; x_wconf 75' lang='lat'>62.</span> <span class='ocrx_word' id='word_1_102' title='bbox 1537 1032 1587 1069; x_wconf 88' lang='lat' dir='ltr'>Pl.</span> <span class='ocrx_word' id='word_1_103' title='bbox 1615 1035 1648 1069; x_wconf 81' lang='lat'>4.</span> <span class='ocrx_word' id='word_1_104' title='bbox 1677 1033 1746 1070; x_wconf 87' lang='lat' dir='ltr'>tab.</span> <span class='ocrx_word' id='word_1_105' title='bbox 1782 1034 1836 1069; x_wconf 79' lang='lat'>12.</span> 
     </span>
    </p>
   </div>
   <div class='ocr_carea' id='block_1_4' title="bbox 1343 1103 1540 1107">
    <p class='ocr_par' dir='ltr' id='par_1_4' title="bbox 1343 1103 1540 1107">
     <span class='ocr_line' id='line_1_13' title="bbox 1343 1103 1540 1107; baseline 0 0"><span class='ocrx_word' id='word_1_106' title='bbox 1343 1103 1540 1107; x_wconf 95' lang='lat' dir='ltr'> </span> 
     </span>
    </p>
   </div>
   <div class='ocr_carea' id='block_1_5' title="bbox 628 1133 2247 2001">
    <p class='ocr_par' dir='ltr' id='par_1_5' title="bbox 628 1133 2247 2001">
     <span class='ocr_line' id='line_1_14' title="bbox 781 1133 2247 1186; baseline 0.001 -16"><span class='ocrx_word' id='word_1_107' title='bbox 781 1135 908 1185; x_wconf 80' lang='lat' dir='ltr'>Ignota</span> <span class='ocrx_word' id='word_1_108' title='bbox 932 1133 1018 1170; x_wconf 88' lang='lat' dir='ltr'>mihi</span> <span class='ocrx_word' id='word_1_109' title='bbox 1045 1138 1099 1171; x_wconf 83' lang='lat' dir='ltr'>est</span> <span class='ocrx_word' id='word_1_110' title='bbox 1126 1133 1217 1171; x_wconf 85' lang='lat' dir='ltr'>haec</span> <span class='ocrx_word' id='word_1_111' title='bbox 1248 1135 1402 1184; x_wconf 81' lang='lat' dir='ltr'>species,</span> <span class='ocrx_word' id='word_1_112' title='bbox 1433 1135 1479 1171; x_wconf 89' lang='lat' dir='ltr'>de</span> <span class='ocrx_word' id='word_1_113' title='bbox 1510 1148 1580 1184; x_wconf 89' lang='lat' dir='ltr'>qua</span> <span class='ocrx_word' id='word_1_114' title='bbox 1604 1135 1711 1186; x_wconf 80' lang='lat' dir='ltr'>igitur</span> <span class='ocrx_word' id='word_1_115' title='bbox 1733 1135 1816 1172; x_wconf 89' lang='lat' dir='ltr'>nihil</span> <span class='ocrx_word' id='word_1_116' title='bbox 1848 1148 1914 1184; x_wconf 90' lang='lat' dir='ltr'>pro</span> <span class='ocrx_word' id='word_1_117' title='bbox 1943 1140 2042 1172; x_wconf 86' lang='lat' dir='ltr'>certo</span> <span class='ocrx_word' id='word_1_118' title='bbox 2069 1135 2247 1172; x_wconf 80' lang='lat' dir='ltr'>affirmare</span> 
     </span>
     <span class='ocr_line' id='line_1_15' title="bbox 631 1193 2243 1244; baseline 0.002 -14"><span class='ocrx_word' id='word_1_119' title='bbox 631 1207 790 1244; x_wconf 81' lang='lat' dir='ltr'>possum.</span> <span class='ocrx_word' id='word_1_120' title='bbox 844 1195 909 1230; x_wconf 87' lang='lat' dir='ltr'>Est</span> <span class='ocrx_word' id='word_1_121' title='bbox 934 1194 1063 1230; x_wconf 83' lang='lat' dir='ltr'>eadem</span> <span class='ocrx_word' id='word_1_122' title='bbox 1091 1193 1259 1236; x_wconf 87' lang='lat' dir='ltr'>fortasse,</span> <span class='ocrx_word' id='word_1_123' title='bbox 1286 1206 1328 1229; x_wconf 79' lang='lat' dir='ltr'>ac</span> <span class='ocrx_word' id='word_1_124' title='bbox 1356 1196 1455 1230; x_wconf 67' lang='lat' dir='ltr'>flleta</span> <span class='ocrx_word' id='word_1_125' title='bbox 1484 1196 1653 1232; x_wconf 72' lang='lat' dir='ltr'>cellulam</span> <span class='ocrx_word' id='word_1_126' title='bbox 1679 1194 1815 1231; x_wconf 86' lang='lat' dir='ltr'>Koch.</span> <span class='ocrx_word' id='word_1_127' title='bbox 1853 1195 1939 1244; x_wconf 90' lang='lat' dir='ltr'>(Die</span> <span class='ocrx_word' id='word_1_128' title='bbox 1963 1194 2120 1232; x_wconf 88' lang='lat' dir='ltr'>Arachn.</span> <span class='ocrx_word' id='word_1_129' title='bbox 2149 1196 2243 1233; x_wconf 85' lang='lat' dir='ltr'>Vlll.</span> 
     </span>
     <span class='ocr_line' id='line_1_16' title="bbox 631 1253 2243 1304; baseline 0.001 -14"><span class='ocrx_word' id='word_1_130' title='bbox 631 1267 663 1303; x_wconf 89' lang='lat' dir='ltr'>p.</span> <span class='ocrx_word' id='word_1_131' title='bbox 697 1255 776 1290; x_wconf 74' lang='lat'>123.</span> <span class='ocrx_word' id='word_1_132' title='bbox 806 1254 887 1304; x_wconf 78' lang='lat' dir='ltr'>flgg.</span> <span class='ocrx_word' id='word_1_133' title='bbox 915 1254 1142 1303; x_wconf 77' lang='lat'><strong>691-692),</strong></span> <span class='ocrx_word' id='word_1_134' title='bbox 1184 1253 1240 1289; x_wconf 92' lang='lat' dir='ltr'>vel</span> <span class='ocrx_word' id='word_1_135' title='bbox 1279 1254 1460 1303; x_wconf 68' lang='lat' dir='ltr'>Linyplaia</span> <span class='ocrx_word' id='word_1_136' title='bbox 1497 1255 1665 1290; x_wconf 72' lang='lat' dir='ltr'>cellulam</span> <span class='ocrx_word' id='word_1_137' title='bbox 1707 1254 1834 1290; x_wconf 88' lang='lat' dir='ltr'>Sund.</span> <span class='ocrx_word' id='word_1_138' title='bbox 1864 1256 1961 1302; x_wconf 91' lang='lat' dir='ltr'>(Act.</span> <span class='ocrx_word' id='word_1_139' title='bbox 1988 1255 2108 1291; x_wconf 90' lang='lat' dir='ltr'>Holm.</span> <span class='ocrx_word' id='word_1_140' title='bbox 2139 1256 2243 1291; x_wconf 87' lang='grc'>1831.</span> 
     </span>
     <span class='ocr_line' id='line_1_17' title="bbox 629 1312 2246 1363; baseline 0.002 -15"><span class='ocrx_word' id='word_1_141' title='bbox 629 1326 662 1362; x_wconf 85' lang='lat' dir='ltr'>p.</span> <span class='ocrx_word' id='word_1_142' title='bbox 699 1314 796 1362; x_wconf 82' lang='lat'>108),</span> <span class='ocrx_word' id='word_1_143' title='bbox 826 1326 918 1362; x_wconf 84' lang='lat' dir='ltr'>quae</span> <span class='ocrx_word' id='word_1_144' title='bbox 945 1313 1087 1361; x_wconf 87' lang='lat' dir='ltr'>species</span> <span class='ocrx_word' id='word_1_145' title='bbox 1116 1312 1281 1348; x_wconf 86' lang='lat' dir='ltr'>diversae</span> <span class='ocrx_word' id='word_1_146' title='bbox 1311 1313 1379 1349; x_wconf 88' lang='lat' dir='ltr'>sint</span> <span class='ocrx_word' id='word_1_147' title='bbox 1406 1326 1559 1349; x_wconf 88' lang='lat' dir='ltr'>necesse</span> <span class='ocrx_word' id='word_1_148' title='bbox 1588 1320 1650 1356; x_wconf 85' lang='lat' dir='ltr'>est,</span> <span class='ocrx_word' id='word_1_149' title='bbox 1678 1326 1787 1363; x_wconf 85' lang='lat' dir='ltr'>quum</span> <span class='ocrx_word' id='word_1_150' title='bbox 1815 1313 1905 1350; x_wconf 87' lang='lat' dir='ltr'>haec</span> <span class='ocrx_word' id='word_1_151' title='bbox 1934 1314 2049 1363; x_wconf 86' lang='lat' dir='ltr'>pedes</span> <span class='ocrx_word' id='word_1_152' title='bbox 2074 1315 2246 1351; x_wconf 87' lang='lat' dir='ltr'>immacu-</span> 
     </span>
     <span class='ocr_line' id='line_1_18' title="bbox 630 1372 2245 1421; baseline 0.001 -13"><span class='ocrx_word' id='word_1_153' title='bbox 630 1372 726 1413; x_wconf 81' lang='lat' dir='ltr'>latas,</span> <span class='ocrx_word' id='word_1_154' title='bbox 756 1372 993 1421; x_wconf 86' lang='lat' dir='ltr'>proportione</span> <span class='ocrx_word' id='word_1_155' title='bbox 1021 1373 1054 1414; x_wconf 81' lang='lat'>4,</span> <span class='ocrx_word' id='word_1_156' title='bbox 1088 1375 1115 1414; x_wconf 84' lang='lat'>1,</span> <span class='ocrx_word' id='word_1_157' title='bbox 1145 1373 1177 1413; x_wconf 63' lang='lat'>²2,</span> <span class='ocrx_word' id='word_1_158' title='bbox 1206 1372 1237 1413; x_wconf 84' lang='lat'>3,</span> <span class='ocrx_word' id='word_1_159' title='bbox 1266 1372 1401 1408; x_wconf 83' lang='lat' dir='ltr'>aculeis</span> <span class='ocrx_word' id='word_1_160' title='bbox 1426 1372 1561 1416; x_wconf 83' lang='lat' dir='ltr'>validis,</span> <span class='ocrx_word' id='word_1_161' title='bbox 1590 1372 1701 1409; x_wconf 85' lang='lat' dir='ltr'>acutis</span> <span class='ocrx_word' id='word_1_162' title='bbox 1730 1377 1886 1409; x_wconf 81' lang='lat' dir='ltr'>armatos</span> <span class='ocrx_word' id='word_1_163' title='bbox 1923 1372 2058 1410; x_wconf 86' lang='lat' dir='ltr'>habere</span> <span class='ocrx_word' id='word_1_164' title='bbox 2092 1373 2245 1416; x_wconf 65' lang='lat' dir='ltr'>dicatum</span> 
     </span>
     <span class='ocr_line' id='line_1_19' title="bbox 628 1430 2245 1482; baseline 0.001 -15"><span class='ocrx_word' id='word_1_165' title='bbox 628 1431 684 1467; x_wconf 83' lang='lat' dir='ltr'>illa</span> <span class='ocrx_word' id='word_1_166' title='bbox 712 1444 800 1467; x_wconf 90' lang='lat' dir='ltr'>vero</span> <span class='ocrx_word' id='word_1_167' title='bbox 828 1431 941 1480; x_wconf 84' lang='lat' dir='ltr'>pedes</span> <span class='ocrx_word' id='word_1_168' title='bbox 969 1430 1089 1467; x_wconf 88' lang='lat' dir='ltr'>fusco·</span> <span class='ocrx_word' id='word_1_169' title='bbox 1105 1430 1161 1466; x_wconf 87' lang='lat' dir='ltr'>vel</span> <span class='ocrx_word' id='word_1_170' title='bbox 1179 1430 1501 1480; x_wconf 75' lang='lat' dir='ltr'>nigro-annulatos,</span> <span class='ocrx_word' id='word_1_171' title='bbox 1534 1436 1578 1473; x_wconf 91' lang='lat' dir='ltr'>et,</span> <span class='ocrx_word' id='word_1_172' title='bbox 1608 1432 1807 1467; x_wconf 89' lang='lat' dir='ltr'>secundum</span> <span class='ocrx_word' id='word_1_173' title='bbox 1837 1433 1998 1482; x_wconf 72' lang='lat' dir='ltr'>figuram,</span> <span class='ocrx_word' id='word_1_174' title='bbox 2026 1433 2130 1481; x_wconf 87' lang='lat' dir='ltr'>primi</span> <span class='ocrx_word' id='word_1_175' title='bbox 2150 1433 2245 1482; x_wconf 89' lang='lat' dir='ltr'>paris</span> 
     </span>
     <span class='ocr_line' id='line_1_20' title="bbox 629 1490 2247 1540; baseline 0.002 -14"><span class='ocrx_word' id='word_1_176' title='bbox 629 1491 774 1540; x_wconf 86' lang='lat' dir='ltr'>reliquis</span> <span class='ocrx_word' id='word_1_177' title='bbox 801 1490 996 1540; x_wconf 78' lang='lat' dir='ltr'>longiores,</span> <span class='ocrx_word' id='word_1_178' title='bbox 1022 1502 1150 1526; x_wconf 83' lang='lat' dir='ltr'>omnes</span> <span class='ocrx_word' id='word_1_179' title='bbox 1177 1490 1262 1526; x_wconf 87' lang='lat' dir='ltr'>setis</span> <span class='ocrx_word' id='word_1_180' title='bbox 1291 1495 1426 1526; x_wconf 82' lang='lat' dir='ltr'>tantum</span> <span class='ocrx_word' id='word_1_181' title='bbox 1455 1495 1490 1526; x_wconf 90' lang='lat' dir='ltr'>et</span> <span class='ocrx_word' id='word_1_182' title='bbox 1518 1491 1596 1539; x_wconf 87' lang='lat' dir='ltr'>pilis</span> <span class='ocrx_word' id='word_1_183' title='bbox 1616 1491 1764 1527; x_wconf 86' lang='lat' dir='ltr'>vestitos</span> <span class='ocrx_word' id='word_1_184' title='bbox 1788 1490 1926 1527; x_wconf 85' lang='lat' dir='ltr'>habeat.</span> <span class='ocrx_word' id='word_1_185' title='bbox 1968 1493 2017 1527; x_wconf 85' lang='lat' dir='ltr'>At</span> <span class='ocrx_word' id='word_1_186' title='bbox 2042 1492 2077 1527; x_wconf 92' lang='lat' dir='ltr'>in</span> <span class='ocrx_word' id='word_1_187' title='bbox 2104 1493 2247 1529; x_wconf 80' lang='lat' dir='ltr'>Kocnn</span> 
     </span>
     <span class='ocr_line' id='line_1_21' title="bbox 629 1549 2246 1598; baseline 0.001 -13"><span class='ocrx_word' id='word_1_188' title='bbox 629 1550 787 1598; x_wconf 86' lang='lat' dir='ltr'>speciem</span> <span class='ocrx_word' id='word_1_189' title='bbox 817 1562 943 1598; x_wconf 88' lang='lat' dir='ltr'>parum</span> <span class='ocrx_word' id='word_1_190' title='bbox 971 1550 1140 1585; x_wconf 84' lang='lat' dir='ltr'>convenit</span> <span class='ocrx_word' id='word_1_191' title='bbox 1163 1549 1357 1597; x_wconf 85' lang='lat' dir='ltr'>descriptio</span> <span class='ocrx_word' id='word_1_192' title='bbox 1375 1549 1578 1586; x_wconf 84' lang='lat' dir='ltr'>abdominis</span> <span class='ocrx_word' id='word_1_193' title='bbox 1606 1552 1649 1586; x_wconf 89' lang='grc' dir='ltr'>Α.</span> <span class='ocrx_word' id='word_1_194' title='bbox 1677 1551 1850 1586; x_wconf 70' lang='lat' dir='ltr'>cellulam:</span> <span class='ocrx_word' id='word_1_195' title='bbox 1878 1551 2136 1588; x_wconf 77' lang='lat' dir='ltr'><strong>SUNDEVALLII</strong></span> <span class='ocrx_word' id='word_1_196' title='bbox 2157 1564 2246 1587; x_wconf 86' lang='lat' dir='ltr'>vero</span> 
     </span>
     <span class='ocr_line' id='line_1_22' title="bbox 631 1608 2244 1658; baseline 0.001 -14"><span class='ocrx_word' id='word_1_197' title='bbox 631 1609 747 1645; x_wconf 80' lang='lat' dir='ltr'>differt</span> <span class='ocrx_word' id='word_1_198' title='bbox 773 1609 907 1645; x_wconf 74' lang='lat' dir='ltr'>aculeis</span> <span class='ocrx_word' id='word_1_199' title='bbox 922 1608 1066 1657; x_wconf 83' lang='lat' dir='ltr'>pedum.</span> <span class='ocrx_word' id='word_1_200' title='bbox 1096 1631 1141 1636; x_wconf 91' lang='lat'><strong>—</strong></span> <span class='ocrx_word' id='word_1_201' title='bbox 1172 1610 1251 1643; x_wconf 76' lang='lat' dir='ltr'>Lin.</span> <span class='ocrx_word' id='word_1_202' title='bbox 1275 1611 1476 1658; x_wconf 72' lang='lat' dir='ltr'>crypticola,</span> <span class='ocrx_word' id='word_1_203' title='bbox 1507 1609 1564 1645; x_wconf 83' lang='lat' dir='ltr'>Cui</span> <span class='ocrx_word' id='word_1_204' title='bbox 1591 1610 1757 1645; x_wconf 50' lang='lat' dir='ltr'>WlALCK.</span> <span class='ocrx_word' id='word_1_205' title='bbox 1790 1610 1833 1644; x_wconf 85' lang='grc' dir='ltr'>Α.</span> <span class='ocrx_word' id='word_1_206' title='bbox 1859 1611 2062 1645; x_wconf 75' lang='lat' dir='ltr'>cellulmmm</span> <span class='ocrx_word' id='word_1_207' title='bbox 2090 1610 2244 1658; x_wconf 76' lang='lat' dir='ltr'>subjicit,</span> 
     </span>
     <span class='ocr_line' id='line_1_23' title="bbox 629 1667 2245 1717; baseline 0.002 -14"><span class='ocrx_word' id='word_1_208' title='bbox 629 1667 713 1704; x_wconf 84' lang='lat' dir='ltr'>mihi</span> <span class='ocrx_word' id='word_1_209' title='bbox 742 1668 863 1717; x_wconf 77' lang='lat' dir='ltr'>ignota</span> <span class='ocrx_word' id='word_1_210' title='bbox 890 1674 959 1709; x_wconf 88' lang='lat' dir='ltr'>est;</span> <span class='ocrx_word' id='word_1_211' title='bbox 988 1668 1050 1703; x_wconf 79' lang='lat' dir='ltr'>vix</span> <span class='ocrx_word' id='word_1_212' title='bbox 1079 1667 1173 1703; x_wconf 80' lang='lat' dir='ltr'>enini</span> <span class='ocrx_word' id='word_1_213' title='bbox 1202 1672 1320 1716; x_wconf 88' lang='lat' dir='ltr'>potest</span> <span class='ocrx_word' id='word_1_214' title='bbox 1347 1681 1428 1704; x_wconf 90' lang='lat' dir='ltr'>esse</span> <span class='ocrx_word' id='word_1_215' title='bbox 1455 1670 1534 1704; x_wconf 81' lang='lat' dir='ltr'>Lin.</span> <span class='ocrx_word' id='word_1_216' title='bbox 1564 1669 1720 1705; x_wconf 65' lang='lat' dir='ltr'>nebulosa</span> <span class='ocrx_word' id='word_1_217' title='bbox 1749 1669 1837 1704; x_wconf 82' lang='lat' dir='ltr'>Sun</span> <span class='ocrx_word' id='word_1_218' title='bbox 1849 1668 1881 1703; x_wconf 90' lang='lat' dir='ltr'>d.</span> <span class='ocrx_word' id='word_1_219' title='bbox 1910 1671 1966 1716; x_wconf 87' lang='lat'>(=</span> <span class='ocrx_word' id='word_1_220' title='bbox 1993 1670 2072 1704; x_wconf 74' lang='lat' dir='ltr'>Lin.</span> <span class='ocrx_word' id='word_1_221' title='bbox 2087 1671 2245 1717; x_wconf 78' lang='lat' dir='ltr'>furcula</span> 
     </span>
     <span class='ocr_line' id='line_1_24' title="bbox 630 1726 2244 1778; baseline 0.001 -15"><span class='ocrx_word' id='word_1_222' title='bbox 630 1726 789 1769; x_wconf 82' lang='lat' dir='ltr'>Koch.;</span> <span class='ocrx_word' id='word_1_223' title='bbox 815 1726 968 1763; x_wconf 89' lang='lat' dir='ltr'>fortasse</span> <span class='ocrx_word' id='word_1_224' title='bbox 992 1727 1099 1763; x_wconf 88' lang='lat' dir='ltr'>etiam</span> <span class='ocrx_word' id='word_1_225' title='bbox 1126 1728 1206 1762; x_wconf 72' lang='lat' dir='ltr'>Lm.</span> <span class='ocrx_word' id='word_1_226' title='bbox 1234 1730 1462 1775; x_wconf 60' lang='lat' dir='ltr'>circzmgflesa</span> <span class='ocrx_word' id='word_1_227' title='bbox 1489 1728 1592 1776; x_wconf 82' lang='lat' dir='ltr'>id.?),</span> <span class='ocrx_word' id='word_1_228' title='bbox 1632 1727 1691 1776; x_wconf 88' lang='lat' dir='ltr'>qui</span> <span class='ocrx_word' id='word_1_229' title='bbox 1721 1727 1834 1776; x_wconf 84' lang='lat' dir='ltr'>pedes</span> <span class='ocrx_word' id='word_1_230' title='bbox 1881 1727 2014 1763; x_wconf 85' lang='lat' dir='ltr'>aculeis</span> <span class='ocrx_word' id='word_1_231' title='bbox 2051 1728 2167 1778; x_wconf 81' lang='lat' dir='ltr'>longis</span> <span class='ocrx_word' id='word_1_232' title='bbox 2193 1729 2244 1765; x_wconf 93' lang='lat' dir='ltr'>in-</span> 
     </span>
     <span class='ocr_line' id='line_1_25' title="bbox 630 1785 2246 1836; baseline 0.001 -14"><span class='ocrx_word' id='word_1_233' title='bbox 630 1791 785 1822; x_wconf 87' lang='lat' dir='ltr'>structos</span> <span class='ocrx_word' id='word_1_234' title='bbox 813 1785 929 1828; x_wconf 82' lang='lat' dir='ltr'>habet,</span> <span class='ocrx_word' id='word_1_235' title='bbox 959 1791 994 1822; x_wconf 90' lang='lat' dir='ltr'>et</span> <span class='ocrx_word' id='word_1_236' title='bbox 1016 1786 1049 1821; x_wconf 90' lang='lat' dir='ltr'>in</span> <span class='ocrx_word' id='word_1_237' title='bbox 1079 1785 1196 1822; x_wconf 88' lang='lat' dir='ltr'>multis</span> <span class='ocrx_word' id='word_1_238' title='bbox 1226 1785 1301 1822; x_wconf 87' lang='lat' dir='ltr'>aliis</span> <span class='ocrx_word' id='word_1_239' title='bbox 1329 1786 1439 1822; x_wconf 90' lang='lat' dir='ltr'>rebus</span> <span class='ocrx_word' id='word_1_240' title='bbox 1466 1800 1486 1822; x_wconf 89' lang='lat' dir='ltr'>a</span> <span class='ocrx_word' id='word_1_241' title='bbox 1514 1786 1757 1835; x_wconf 85' lang='lat' dir='ltr'>descriptione</span> <span class='ocrx_word' id='word_1_242' title='bbox 1786 1787 1864 1822; x_wconf 70' lang='lat' dir='ltr'>Lim.</span> <span class='ocrx_word' id='word_1_243' title='bbox 1885 1788 2091 1836; x_wconf 65' lang='lat' dir='ltr'>ctypticolae</span> <span class='ocrx_word' id='word_1_244' title='bbox 2112 1787 2246 1824; x_wconf 87' lang='lat' dir='ltr'>discre-</span> 
     </span>
     <span class='ocr_line' id='line_1_26' title="bbox 629 1844 2241 1895; baseline 0.001 -14"><span class='ocrx_word' id='word_1_245' title='bbox 629 1850 688 1894; x_wconf 87' lang='lat' dir='ltr'>pat</span> <span class='ocrx_word' id='word_1_246' title='bbox 714 1845 812 1890; x_wconf 85' lang='lat' dir='ltr'>(vide</span> <span class='ocrx_word' id='word_1_247' title='bbox 849 1844 940 1881; x_wconf 83' lang='lat' dir='ltr'>hanc</span> <span class='ocrx_word' id='word_1_248' title='bbox 970 1857 1066 1893; x_wconf 90' lang='lat' dir='ltr'>spec.</span> <span class='ocrx_word' id='word_1_249' title='bbox 1096 1845 1132 1880; x_wconf 94' lang='lat' dir='ltr'>in</span> <span class='ocrx_word' id='word_1_250' title='bbox 1159 1845 1227 1880; x_wconf 93' lang='lat' dir='ltr'>Ins.</span> <span class='ocrx_word' id='word_1_251' title='bbox 1257 1846 1339 1894; x_wconf 89' lang='lat' dir='ltr'>Apt.</span> <span class='ocrx_word' id='word_1_252' title='bbox 1367 1846 1408 1882; x_wconf 83' lang='grc' dir='ltr'>ΙΙ.</span> <span class='ocrx_word' id='word_1_253' title='bbox 1435 1859 1467 1895; x_wconf 91' lang='lat' dir='ltr'>p.</span> <span class='ocrx_word' id='word_1_254' title='bbox 1497 1846 1724 1894; x_wconf 72' lang='lat'>275—278).</span> <span class='ocrx_word' id='word_1_255' title='bbox 1769 1868 1814 1874; x_wconf 90' lang='lat'><em>-</em></span> <span class='ocrx_word' id='word_1_256' title='bbox 1856 1846 2134 1882; x_wconf 55' lang='lat' dir='ltr'>WVESTRlNGIUS</span> <span class='ocrx_word' id='word_1_257' title='bbox 2161 1847 2241 1882; x_wconf 67' lang='lat' dir='ltr'>Lim.</span> 
     </span>
     <span class='ocr_line' id='line_1_27' title="bbox 629 1904 2243 1954; baseline 0.002 -16"><span class='ocrx_word' id='word_1_258' title='bbox 629 1906 698 1940; x_wconf 66' lang='lat' dir='ltr'>vell.</span> <span class='ocrx_word' id='word_1_259' title='bbox 729 1904 858 1940; x_wconf 76' lang='lat' dir='ltr'>Sund.</span> <span class='ocrx_word' id='word_1_260' title='bbox 885 1905 965 1939; x_wconf 68' lang='lat' dir='ltr'>Lim.</span> <span class='ocrx_word' id='word_1_261' title='bbox 994 1904 1212 1940; x_wconf 76' lang='lat' dir='ltr'>bucculentae</span> <span class='ocrx_word' id='word_1_262' title='bbox 1245 1904 1444 1954; x_wconf 78' lang='lat' dir='ltr'>subjungit:</span> <span class='ocrx_word' id='word_1_263' title='bbox 1484 1917 1569 1940; x_wconf 89' lang='lat' dir='ltr'>num</span> <span class='ocrx_word' id='word_1_264' title='bbox 1599 1906 1704 1953; x_wconf 75' lang='lat' dir='ltr'>jure?</span> <span class='ocrx_word' id='word_1_265' title='bbox 1747 1905 1938 1953; x_wconf 84' lang='lat' dir='ltr'>descriptio</span> <span class='ocrx_word' id='word_1_266' title='bbox 1978 1905 2102 1941; x_wconf 82' lang='lat' dir='ltr'>saltem</span> <span class='ocrx_word' id='word_1_267' title='bbox 2139 1918 2243 1942; x_wconf 89' lang='lat' dir='ltr'>veras</span> 
     </span>
     <span class='ocr_line' id='line_1_28' title="bbox 629 1963 2215 2001; baseline 0.001 -2"><span class='ocrx_word' id='word_1_268' title='bbox 629 1963 847 1999; x_wconf 81' lang='lat' dir='ltr'>differentias</span> <span class='ocrx_word' id='word_1_269' title='bbox 875 1963 1033 1999; x_wconf 88' lang='lat' dir='ltr'>indicare</span> <span class='ocrx_word' id='word_1_270' title='bbox 1050 1963 1199 1999; x_wconf 85' lang='lat' dir='ltr'>videtur.</span> <span class='ocrx_word' id='word_1_271' title='bbox 1230 1986 1278 1990; x_wconf 92' lang='lat'>—</span> <span class='ocrx_word' id='word_1_272' title='bbox 1309 1964 1463 2000; x_wconf 89' lang='lat' dir='ltr'>Prorsus</span> <span class='ocrx_word' id='word_1_273' title='bbox 1482 1964 1614 2000; x_wconf 82' lang='lat' dir='ltr'>haereo</span> <span class='ocrx_word' id='word_1_274' title='bbox 1642 1964 1677 2000; x_wconf 92' lang='lat' dir='ltr'>in</span> <span class='ocrx_word' id='word_1_275' title='bbox 1705 1963 1759 2000; x_wconf 88' lang='lat' dir='ltr'>his</span> <span class='ocrx_word' id='word_1_276' title='bbox 1789 1963 1913 2000; x_wconf 84' lang='lat' dir='ltr'>formis</span> <span class='ocrx_word' id='word_1_277' title='bbox 1940 1969 1975 1999; x_wconf 80' lang='lat' dir='ltr'>et</span> <span class='ocrx_word' id='word_1_278' title='bbox 2001 1963 2215 2001; x_wconf 88' lang='lat' dir='ltr'>nominibus.</span> 
     </span>
    </p>
   </div>
   <div class='ocr_carea' id='block_1_6' title="bbox 862 2111 1868 2161">
    <p class='ocr_par' dir='ltr' id='par_1_6' title="bbox 862 2111 1868 2161">
     <span class='ocr_line' id='line_1_29' title="bbox 862 2111 1868 2161; baseline 0 -14"><span class='ocrx_word' id='word_1_279' title='bbox 862 2111 922 2160; x_wconf 85' lang='lat' dir='ltr'>Sp.</span> <span class='ocrx_word' id='word_1_280' title='bbox 953 2113 1009 2146; x_wconf 90' lang='lat'>10.</span> <span class='ocrx_word' id='word_1_281' title='bbox 1064 2111 1417 2148; x_wconf 85' lang='lat' dir='ltr'>BUCCULENTUS.</span> <span class='ocrx_word' id='word_1_282' title='bbox 1447 2125 1480 2161; x_wconf 90' lang='lat' dir='ltr'>p.</span> <span class='ocrx_word' id='word_1_283' title='bbox 1510 2114 1567 2149; x_wconf 87' lang='lat'>63.</span> <span class='ocrx_word' id='word_1_284' title='bbox 1597 2113 1647 2149; x_wconf 93' lang='lat' dir='ltr'>Pl.</span> <span class='ocrx_word' id='word_1_285' title='bbox 1677 2113 1709 2149; x_wconf 78' lang='grc'>4.</span> <span class='ocrx_word' id='word_1_286' title='bbox 1738 2112 1808 2149; x_wconf 82' lang='lat' dir='ltr'>tab.</span> <span class='ocrx_word' id='word_1_287' title='bbox 1840 2115 1868 2147; x_wconf 85' lang='lat'>1.</span> 
     </span>
    </p>
   </div>
   <div class='ocr_carea' id='block_1_7' title="bbox 711 2200 1915 2583">
    <p class='ocr_par' dir='ltr' id='par_1_7' title="bbox 711 2200 1915 2583">
     <span class='ocr_line' id='line_1_30' title="bbox 711 2200 1738 2239; baseline 0.003 -13"><span class='ocrx_word' id='word_1_288' title='bbox 711 2202 774 2234; x_wconf 73' lang='lat' dir='ltr'>Syn.</span> <span class='ocrx_word' id='word_1_289' title='bbox 799 2201 932 2228; x_wconf 82' lang='lat' dir='ltr'>Aranea</span> <span class='ocrx_word' id='word_1_290' title='bbox 954 2200 1089 2228; x_wconf 83' lang='lat' dir='ltr'>lineata</span> <span class='ocrx_word' id='word_1_291' title='bbox 1154 2202 1226 2229; x_wconf 82' lang='lat' dir='ltr'>Linn.</span> <span class='ocrx_word' id='word_1_292' title='bbox 1250 2201 1321 2238; x_wconf 86' lang='lat' dir='ltr'>Syst.</span> <span class='ocrx_word' id='word_1_293' title='bbox 1345 2202 1409 2229; x_wconf 82' lang='lat' dir='ltr'>Nat.</span> <span class='ocrx_word' id='word_1_294' title='bbox 1434 2202 1483 2230; x_wconf 85' lang='lat' dir='ltr'>Ed.</span> <span class='ocrx_word' id='word_1_295' title='bbox 1510 2205 1553 2230; x_wconf 84' lang='lat'>10.</span> <span class='ocrx_word' id='word_1_296' title='bbox 1577 2203 1598 2230; x_wconf 84' lang='lat' dir='ltr'>I.</span> <span class='ocrx_word' id='word_1_297' title='bbox 1622 2212 1646 2239; x_wconf 85' lang='lat' dir='ltr'>p.</span> <span class='ocrx_word' id='word_1_298' title='bbox 1673 2206 1738 2229; x_wconf 69' lang='lat'>1320.</span> 
     </span>
     <span class='ocr_line' id='line_1_31' title="bbox 858 2250 1691 2288; baseline 0.006 -14"><span class='ocrx_word' id='word_1_299' title='bbox 858 2261 871 2275; x_wconf 70' lang='lat' dir='ltr'>a</span> <span class='ocrx_word' id='word_1_300' title='bbox 1008 2260 1020 2273; x_wconf 71' lang='lat' dir='ltr'>a</span> <span class='ocrx_word' id='word_1_301' title='bbox 1166 2253 1198 2277; x_wconf 82' lang='lat' dir='ltr'>id.</span> <span class='ocrx_word' id='word_1_302' title='bbox 1243 2250 1328 2278; x_wconf 81' lang='lat' dir='ltr'>Faun.</span> <span class='ocrx_word' id='word_1_303' title='bbox 1352 2251 1428 2279; x_wconf 83' lang='lat' dir='ltr'>Suec.</span> <span class='ocrx_word' id='word_1_304' title='bbox 1452 2252 1502 2279; x_wconf 86' lang='lat' dir='ltr'>Ed.</span> <span class='ocrx_word' id='word_1_305' title='bbox 1528 2256 1552 2278; x_wconf 78' lang='lat'>2.</span> <span class='ocrx_word' id='word_1_306' title='bbox 1576 2261 1600 2288; x_wconf 88' lang='lat' dir='ltr'>p.</span> <span class='ocrx_word' id='word_1_307' title='bbox 1625 2255 1691 2279; x_wconf 74' lang='lat'>487.</span> 
     </span>
     <span class='ocr_line' id='line_1_32' title="bbox 956 2298 1750 2338; baseline 0.003 -12"><span class='ocrx_word' id='word_1_308' title='bbox 956 2298 1143 2327; x_wconf 79' lang='lat' dir='ltr'>trilineata</span> <span class='ocrx_word' id='word_1_309' title='bbox 1166 2303 1198 2326; x_wconf 80' lang='lat' dir='ltr'>id.</span> <span class='ocrx_word' id='word_1_310' title='bbox 1242 2300 1312 2336; x_wconf 68' lang='lat' dir='ltr'>Syst.</span> <span class='ocrx_word' id='word_1_311' title='bbox 1337 2300 1401 2328; x_wconf 83' lang='lat' dir='ltr'>Nat.</span> <span class='ocrx_word' id='word_1_312' title='bbox 1425 2301 1475 2328; x_wconf 81' lang='lat' dir='ltr'>Ed.</span> <span class='ocrx_word' id='word_1_313' title='bbox 1504 2304 1545 2328; x_wconf 79' lang='grc'>12.</span> <span class='ocrx_word' id='word_1_314' title='bbox 1570 2302 1590 2328; x_wconf 90' lang='grc' dir='ltr'>Ι.</span> <span class='ocrx_word' id='word_1_315' title='bbox 1614 2311 1638 2338; x_wconf 83' lang='lat' dir='ltr'>p.</span> <span class='ocrx_word' id='word_1_316' title='bbox 1666 2303 1750 2328; x_wconf 82' lang='grc'>1031.</span> 
     </span>
     <span class='ocr_line' id='line_1_33' title="bbox 797 2348 1672 2387; baseline 0 -10"><span class='ocrx_word' id='word_1_317' title='bbox 797 2348 968 2385; x_wconf 84' lang='lat' dir='ltr'>Linyphia</span> <span class='ocrx_word' id='word_1_318' title='bbox 993 2349 1182 2378; x_wconf 71' lang='lat' dir='ltr'>reticulata</span> <span class='ocrx_word' id='word_1_319' title='bbox 1211 2350 1305 2377; x_wconf 65' lang='lat' dir='ltr'>Walclc.</span> <span class='ocrx_word' id='word_1_320' title='bbox 1329 2350 1384 2377; x_wconf 84' lang='lat' dir='ltr'>Ins.</span> <span class='ocrx_word' id='word_1_321' title='bbox 1409 2350 1472 2387; x_wconf 67' lang='lat' dir='ltr'>Api.</span> <span class='ocrx_word' id='word_1_322' title='bbox 1496 2350 1532 2377; x_wconf 91' lang='grc' dir='ltr'>Π.</span> <span class='ocrx_word' id='word_1_323' title='bbox 1557 2360 1581 2387; x_wconf 91' lang='lat' dir='ltr'>p.</span> <span class='ocrx_word' id='word_1_324' title='bbox 1605 2353 1672 2378; x_wconf 73' lang='lat'>260,</span> 
     </span>
     <span class='ocr_line' id='line_1_34' title="bbox 992 2398 1794 2436; baseline 0.001 -11"><span class='ocrx_word' id='word_1_325' title='bbox 992 2398 1200 2426; x_wconf 79' lang='lat' dir='ltr'>bueculenta</span> <span class='ocrx_word' id='word_1_326' title='bbox 1223 2407 1243 2426; x_wconf 83' lang='lat' dir='ltr'><em>a</em></span> <span class='ocrx_word' id='word_1_327' title='bbox 1265 2400 1346 2426; x_wconf 78' lang='lat' dir='ltr'>Szmd.</span> <span class='ocrx_word' id='word_1_328' title='bbox 1370 2400 1431 2426; x_wconf 84' lang='lat' dir='ltr'>Act.</span> <span class='ocrx_word' id='word_1_329' title='bbox 1454 2399 1548 2426; x_wconf 88' lang='lat' dir='ltr'>Holm.</span> <span class='ocrx_word' id='word_1_330' title='bbox 1574 2402 1658 2426; x_wconf 83' lang='grc'>1831.</span> <span class='ocrx_word' id='word_1_331' title='bbox 1679 2408 1703 2436; x_wconf 89' lang='lat' dir='ltr'>p.</span> <span class='ocrx_word' id='word_1_332' title='bbox 1733 2402 1794 2426; x_wconf 83' lang='grc'>109.</span> 
     </span>
     <span class='ocr_line' id='line_1_35' title="bbox 797 2446 1915 2484; baseline 0.001 -10"><span class='ocrx_word' id='word_1_333' title='bbox 797 2446 1002 2475; x_wconf 86' lang='lat' dir='ltr'>Theridium</span> <span class='ocrx_word' id='word_1_334' title='bbox 1026 2447 1256 2476; x_wconf 83' lang='lat' dir='ltr'>reticulatum</span> <span class='ocrx_word' id='word_1_335' title='bbox 1280 2449 1362 2475; x_wconf 68' lang='lat' dir='ltr'>Halm.</span> <span class='ocrx_word' id='word_1_336' title='bbox 1387 2448 1437 2474; x_wconf 90' lang='lat' dir='ltr'>Die</span> <span class='ocrx_word' id='word_1_337' title='bbox 1460 2447 1577 2475; x_wconf 85' lang='lat' dir='ltr'>Arachn.</span> <span class='ocrx_word' id='word_1_338' title='bbox 1601 2448 1638 2475; x_wconf 88' lang='lat' dir='ltr'>II.</span> <span class='ocrx_word' id='word_1_339' title='bbox 1663 2457 1687 2484; x_wconf 83' lang='lat' dir='ltr'>p.</span> <span class='ocrx_word' id='word_1_340' title='bbox 1712 2451 1756 2475; x_wconf 86' lang='lat'>39.</span> <span class='ocrx_word' id='word_1_341' title='bbox 1779 2448 1823 2483; x_wconf 77' lang='lat' dir='ltr'>fig.</span> <span class='ocrx_word' id='word_1_342' title='bbox 1854 2451 1915 2475; x_wconf 83' lang='lat'>124.</span> 
     </span>
     <span class='ocr_line' id='line_1_36' title="bbox 800 2496 1837 2533; baseline 0.002 -10"><span class='ocrx_word' id='word_1_343' title='bbox 800 2496 1042 2533; x_wconf 85' lang='lat' dir='ltr'>Bolyphantes</span> <span class='ocrx_word' id='word_1_344' title='bbox 1064 2496 1271 2524; x_wconf 78' lang='lat' dir='ltr'>trilineatus</span> <span class='ocrx_word' id='word_1_345' title='bbox 1296 2498 1372 2524; x_wconf 79' lang='lat' dir='ltr'>Koch.</span> <span class='ocrx_word' id='word_1_346' title='bbox 1395 2496 1458 2523; x_wconf 87' lang='lat' dir='ltr'>ibid.</span> <span class='ocrx_word' id='word_1_347' title='bbox 1484 2496 1562 2523; x_wconf 78' lang='lat' dir='ltr'>VIII.</span> <span class='ocrx_word' id='word_1_348' title='bbox 1586 2506 1610 2533; x_wconf 89' lang='lat' dir='ltr'>p.</span> <span class='ocrx_word' id='word_1_349' title='bbox 1635 2500 1679 2524; x_wconf 83' lang='lat'>67.</span> <span class='ocrx_word' id='word_1_350' title='bbox 1703 2497 1747 2533; x_wconf 78' lang='lat' dir='ltr'>fig.</span> <span class='ocrx_word' id='word_1_351' title='bbox 1772 2501 1837 2525; x_wconf 78' lang='lat'>641.</span> 
     </span>
     <span class='ocr_line' id='line_1_37' title="bbox 798 2544 1778 2583; baseline 0.001 -11"><span class='ocrx_word' id='word_1_352' title='bbox 798 2544 970 2581; x_wconf 86' lang='lat' dir='ltr'>Linyphia</span> <span class='ocrx_word' id='word_1_353' title='bbox 995 2544 1201 2573; x_wconf 80' lang='lat' dir='ltr'>buceulenta</span> <span class='ocrx_word' id='word_1_354' title='bbox 1228 2547 1320 2573; x_wconf 76' lang='lat' dir='ltr'>Westr.</span> <span class='ocrx_word' id='word_1_355' title='bbox 1345 2547 1405 2573; x_wconf 79' lang='lat' dir='ltr'>Act.</span> <span class='ocrx_word' id='word_1_356' title='bbox 1429 2545 1548 2572; x_wconf 87' lang='lat' dir='ltr'>Gothob.</span> <span class='ocrx_word' id='word_1_357' title='bbox 1577 2549 1660 2573; x_wconf 84' lang='grc'>1851.</span> <span class='ocrx_word' id='word_1_358' title='bbox 1683 2556 1707 2583; x_wconf 93' lang='lat' dir='ltr'>p.</span> <span class='ocrx_word' id='word_1_359' title='bbox 1733 2549 1778 2573; x_wconf 76' lang='lat'>313.</span> 
     </span>
    </p>
   </div>
   <div class='ocr_carea' id='block_1_8' title="bbox 1067 2604 1807 2657">
    <p class='ocr_par' dir='ltr' id='par_1_8' title="bbox 1067 2604 1807 2657">
     <span class='ocr_line' id='line_1_38' title="bbox 1067 2604 1807 2657; baseline 0 -16"><span class='ocrx_word' id='word_1_360' title='bbox 1067 2606 1278 2655; x_wconf 79' lang='lat' dir='ltr'><strong>[LlNYPHIA</strong></span> <span class='ocrx_word' id='word_1_361' title='bbox 1305 2604 1328 2641; x_wconf 83' lang='lat' dir='ltr'><strong>b</strong></span> <span class='ocrx_word' id='word_1_362' title='bbox 1338 2617 1360 2641; x_wconf 88' lang='lat' dir='ltr'>u</span> <span class='ocrx_word' id='word_1_363' title='bbox 1370 2617 1389 2640; x_wconf 92' lang='lat' dir='ltr'>c</span> <span class='ocrx_word' id='word_1_364' title='bbox 1399 2617 1417 2640; x_wconf 94' lang='lat' dir='ltr'>c</span> <span class='ocrx_word' id='word_1_365' title='bbox 1426 2617 1447 2640; x_wconf 93' lang='lat' dir='ltr'>u</span> <span class='ocrx_word' id='word_1_366' title='bbox 1457 2605 1467 2640; x_wconf 96' lang='lat' dir='ltr'>l</span> <span class='ocrx_word' id='word_1_367' title='bbox 1477 2618 1496 2641; x_wconf 89' lang='lat' dir='ltr'>e</span> <span class='ocrx_word' id='word_1_368' title='bbox 1506 2618 1529 2641; x_wconf 92' lang='lat' dir='ltr'>n</span> <span class='ocrx_word' id='word_1_369' title='bbox 1539 2610 1580 2641; x_wconf 78' lang='lat' dir='ltr'>ta</span> <span class='ocrx_word' id='word_1_370' title='bbox 1603 2606 1807 2657; x_wconf 67' lang='lat' dir='ltr'>(Clerck.)]</span> 
     </span>
    </p>
   </div>
   <div class='ocr_carea' id='block_1_9' title="bbox 1333 2676 1528 2680">
    <p class='ocr_par' dir='ltr' id='par_1_9' title="bbox 1333 2676 1528 2680">
     <span class='ocr_line' id='line_1_39' title="bbox 1333 2676 1528 2680; baseline 0 0"><span class='ocrx_word' id='word_1_371' title='bbox 1333 2676 1528 2680; x_wconf 95' lang='lat' dir='ltr'> </span> 
     </span>
    </p>
   </div>
   <div class='ocr_carea' id='block_1_10' title="bbox 2400 187 2435 3188">
    <p class='ocr_par' dir='ltr' id='par_1_10' title="bbox 2400 187 2435 3188">
     <span class='ocr_line' id='line_1_40' title="bbox 2400 187 2435 3188; baseline 0 0"><span class='ocrx_word' id='word_1_372' title='bbox 2400 187 2435 3188; x_wconf 95' lang='lat' dir='ltr'> </span> 
     </span>
    </p>
   </div>
  </div>
 </body>
</html>
