2435 3188
184 296 1742 369 -ffiffiaeseaeffiffissffissfflfflffi-

959 839 1013 877 Dr.

546 949 783 1006 LAPIDE
838 946 1084 1005 RUNICO
1138 944 1434 1004 TUNENSI.

912 1097 1065 1124 SGRlPSlT

769 1175 820 1206 A.
853 1166 1203 1207 urps-raom.

179 1394 234 1447 In
263 1410 392 1453 insula,
423 1424 529 1461 quam
557 1412 727 1448 Glomma
754 1413 883 1449 fluvius
907 1426 1080 1462 aquarum
1097 1425 1212 1462 prope
1232 1413 1355 1449 infimo
1383 1425 1489 1450 cursu
1509 1412 1631 1463 cingit,
1660 1425 1792 1462 paroe-

179 1471 234 1506 cia
260 1477 328 1511 est,
363 1472 459 1506 sze
485 1471 679 1520 appellant,
710 1474 813 1520 cujus
841 1471 875 1507 in
905 1472 1128 1509 coemeterio
1160 1473 1249 1521 lapis
1275 1472 1351 1514 ille,
1387 1472 1432 1508 de
1472 1485 1543 1521 quo
1584 1485 1679 1508 nunc
1705 1473 1792 1508 scri-

180 1530 272 1579 pturi
286 1543 426 1571 sumus,
456 1530 515 1566 diu
545 1530 731 1576 neglectus
748 1530 845 1566 humi
870 1531 1031 1578 jacebat,
1065 1537 1168 1568 antea
1195 1545 1260 1580 per
1285 1532 1429 1581 longam
1457 1544 1632 1567 annorum
1660 1531 1791 1567 seriem

176 1589 209 1625 in
240 1602 344 1625 muro
370 1589 579 1625 coemeterii
606 1589 717 1637 ipsius
745 1590 961 1627 reconditus.
1019 1592 1102 1635 Quo
1130 1591 1164 1627 in
1194 1591 1277 1627 loco
1306 1591 1394 1640 lapis
1422 1590 1493 1632 hic,
1526 1590 1791 1640 antiquissimus

179 1661 284 1689 sane,
312 1648 464 1696 primum
497 1648 634 1696 positus
672 1648 790 1689 fuerit,
833 1649 949 1699 digitis
978 1650 1168 1686 monstrari
1196 1650 1326 1686 abhinc
1355 1650 1462 1686 multa
1489 1649 1610 1685 secula
1638 1649 1791 1685 desitum

178 1712 248 1748 est;
276 1714 417 1756 putatur
444 1712 576 1743 tantuin
607 1707 736 1743 alicubi
764 1708 874 1744 fuisse
902 1709 936 1745 in
962 1709 1089 1745 vicinia
1118 1710 1239 1758 templi
1266 1710 1499 1745 Tuuensium.
1556 1710 1673 1754 Quem
1706 1709 1792 1758 lapi-

179 1767 262 1802 dem
292 1766 406 1816 igitur,
438 1779 547 1815 quum
574 1779 641 1801 suo
670 1766 753 1801 loco
780 1767 923 1816 reponi,
957 1769 994 1804 id
1022 1769 1120 1818 quod
1149 1768 1260 1817 pietas
1289 1768 1505 1817 postulabat,
1533 1769 1606 1815 jam
1640 1768 1791 1817 amplius

181 1838 253 1861 non
281 1832 420 1874 posset,
451 1831 485 1861 et
513 1838 622 1874 quum
650 1826 844 1868 timeretur,
874 1840 933 1869 ne,
963 1828 992 1863 si
1020 1828 1150 1864 diutius
1176 1828 1210 1863 in
1238 1827 1459 1863 coemeterio
1484 1830 1630 1874 jaceret,
1658 1827 1790 1863 damno

179 1884 284 1919 etiam
309 1884 490 1933 graviore,
518 1897 622 1933 quam
641 1898 713 1933 quo
737 1887 811 1932 jam
839 1886 986 1922 affectus
1014 1893 1125 1927 esset,
1155 1886 1369 1928 afficeretur,
1399 1886 1654 1928 Christianiam,
1686 1892 1791 1935 caput

180 1943 295 1993 regni,
326 1956 398 1992 quo
438 1949 472 1979 et
512 1945 650 1990 majore
692 1957 776 1979 cura
819 1951 1023 1981 servaretur
1051 1951 1086 1982 et
1110 1945 1246 1981 facilius
1274 1946 1446 1988 adiretur,
1476 1945 1788 1994 transportandum

181 2001 337 2051 locoque
364 2002 499 2038 idoneo
527 2003 654 2038 iterum
682 2004 891 2051 ponendum
921 2005 1055 2041 curavit
1083 2005 1274 2051 collegium
1305 2005 1549 2041 Universitatis
1565 2004 1789 2053 Norvegicae

181 2061 424 2097 doctissimum
455 2068 489 2097 et
516 2062 783 2110 amplissimum.
838 2064 920 2099 Hoc
947 2077 1041 2099 anuo
1070 2064 1259 2113 superiore
1284 2064 1414 2100 sactum
1442 2068 1504 2099 est.

332 2156 558 2204 Quamquam
586 2155 692 2205 igitur
719 2155 774 2191 hic
800 2156 887 2204 lapis
920 2161 970 2192 tot
1003 2169 1068 2204 per
1101 2169 1215 2191 annos
1243 2156 1277 2191 in
1306 2156 1389 2191 loco
1420 2156 1535 2191 minus
1564 2154 1788 2203 frequentato

184 2213 430 2256 delitescebat,
468 2227 539 2250 non
579 2221 697 2250 tamen
744 2216 890 2251 omnino
932 2215 1057 2250 oculos
1097 2215 1256 2250 virorum
1302 2214 1514 2263 antiquitatis
1543 2213 1787 2249 studiosorum

182 2271 452 2322 subterfugerat.
507 2274 647 2310 Primus
676 2273 804 2309 abhinc
838 2274 911 2309 duo
951 2274 1088 2315 secula,
1122 2279 1156 2309 et
1188 2273 1288 2322 quod
1325 2274 1500 2313 excurrit,
1539 2273 1651 2309 Olaus
1678 2273 1788 2308 Wor-

187 2330 275 2365 mius
296 2334 323 2377 1)
351 2345 431 2367 euin
457 2333 709 2368 delineaudum
739 2333 887 2374 curavit,
919 2333 1145 2368 vitiosissimo
1174 2332 1319 2381 quidem
1347 2333 1486 2373 effectu,
1515 2332 1579 2367 sed
1596 2345 1641 2367 eo
1659 2336 1787 2373 tamen,

187 2392 221 2422 ut
258 2388 349 2424 huuc
377 2390 530 2439 lapidem
563 2405 644 2428 esse
674 2392 770 2427 viros
811 2392 938 2427 doctos
966 2405 1038 2427 non
1074 2392 1207 2427 lateret.
1271 2391 1399 2427 Nostra
1435 2396 1549 2427 aetate
1582 2391 1638 2426 W.
1669 2391 1789 2427 Grim-

189 2445 277 2481 mius
298 2450 326 2491 2)
361 2448 448 2485 lianc
484 2451 639 2487 iNorinii
678 2451 954 2486 delineationem
997 2451 1180 2499 explicare
1231 2456 1379 2486 conatus
1420 2456 1489 2491 est,
1541 2450 1606 2485 sed
1645 2449 1788 2492 frustra,

189 2504 286 2551 quod
313 2504 393 2541 liuic
420 2509 495 2544 viro
529 2510 613 2545 vitio
649 2523 721 2545 non
759 2515 814 2546 est
850 2510 1096 2551 tribuendum,
1132 2523 1241 2559 quum
1271 2523 1290 2546 e
1321 2522 1446 2546 manca
1472 2509 1712 2545 delineatione
1742 2509 1789 2545 nil

294 2618 317 2646 1)
338 2617 493 2644 Danieoruin
513 2621 742 2649 Monumentoi·uin
762 2624 816 2649 libri
837 2632 898 2653 sex,
920 2624 993 2655 1643,
1013 2633 1072 2659 pag.
1092 2624 1150 2649 478.

290 2670 316 2700 2)
337 2671 425 2697 Ueber
444 2672 570 2700 deutsche
590 2675 693 2705 Runen,
714 2677 788 2706 1⁸21,
808 2685 867 2710 pag.
889 2676 937 2702 186
957 2685 1015 2711 sqq.
