2435 3188
1636 264 1717 303 369

318 373 405 421 Fig.
435 372 551 408 Mlcu.
580 373 597 407 1.
628 386 654 407 c.
682 377 702 406 t.
729 370 786 405 53.
818 371 835 405 s.
868 371 900 407 8.

318 444 412 481 Exs.
442 445 506 480 FP..
537 444 576 479 L.
606 443 643 479 S.
673 458 703 480 n.
731 445 787 479 59.
820 466 865 470 —
895 443 1062 479 Senium.
1079 441 1120 478 L.
1138 441 1182 477 H.
1198 455 1227 477 n.
1244 442 1327 477 588.
1360 465 1403 469 -
1432 441 1773 479 Mou‹=,.etN1·:su.

220 502 276 539 Cr.
301 503 391 552 Vog.
418 503 480 539 Rh.
507 518 536 538 n.
566 503 648 539 647.
681 524 720 529 -
749 503 864 538 FUNK
894 503 947 538 Cr.
981 517 1048 538 exs.
1078 517 1106 537 u.
1136 502 1208 536 400
1237 501 1344 547 (Fw.·,
1371 517 1401 537 n.
1427 502 1513 536 100:
1539 501 1709 549 KOERB.)
1728 525 1774 529 -—

217 561 351 598 Rfflcn.
382 562 422 597 L.
446 577 475 597 n.
510 563 553 597 18
586 563 670 609 (sec.
699 561 804 608 Fvv.)
840 584 883 590 —
919 561 1006 597 Fvv.
1039 561 1083 596 D.
1111 561 1148 596 L.
1177 576 1207 596 n.
1241 561 1295 595 16.
1330 583 1377 587 —-
1411 560 1584 596 MASSAL.
1614 560 1654 595 L.
1680 560 1717 596 lt.
1745 576 1775 596 n.

220 621 288 656 142
317 622 364 668 (n.
390 623 438 669 v.)
467 642 511 647 ‚..
539 619 714 656 DESMAZ.
748 620 804 656 Cr.
830 620 888 655 Fr.
921 635 983 656 ser.
1010 620 1050 655 II.
1079 635 1108 655 n.
1135 620 1183 655 48
1211 623 1294 667 (sec.
1324 619 1440 668 NYL.)

313 710 416 747 Hah.
445 711 480 747 in
518 711 659 759 rupium
700 711 862 747 cavernis
891 711 1101 760 fissurisque
1140 711 1232 746 inter
1271 724 1417 747 muscos
1458 724 1523 760 per
1563 715 1669 746 totam
1699 710 1774 746 sere

166 770 348 819 Europam
376 783 396 806 a
427 769 613 818 peninsula
652 770 926 812 Scandinavica,
963 769 1023 806 ubi
1062 770 1271 818 pracsertim
1307 770 1532 806 occidentem
1563 782 1690 806 versus
1722 774 1777 806 est

165 829 321 879 vulgare,
350 842 415 878 per
443 828 609 871 Scotimn,
637 829 803 879 Angliam
832 828 1027 871 borealem,
1057 829 1298 871 Germaniam,
1328 829 1528 865 Helvetiam
1554 833 1589 864 et
1613 828 1773 871 Galliam,

164 888 199 924 in
235 888 368 924 Italiam
404 887 703 938 Lusitaniamque.
769 889 882 924 Extra
907 889 1091 937 Europam
1121 888 1303 924 inventum
1344 893 1399 924 est
1433 888 1466 923 in
1500 887 1638 937 Algiria
1679 887 1774 923 haud

165 959 283 983 rarum
312 948 455 996 (Duru),
483 952 520 982 ut
547 947 650 983 etiam
667 947 700 983 in
718 947 781 983 ins.
809 948 896 983 Java
925 948 1084 995 (TEYSM.
1113 960 1185 983 sec.
1215 947 1341 985 MONT.
1369 953 1405 984 et
1431 960 1466 984 v.
1491 960 1526 984 n.
1555 947 1708 996 Boscn).
1728 970 1772 975 —

164 1006 297 1041 Forma
322 1019 352 1041 οι.
381 1006 492 1042 modo
519 1006 554 1042 in
582 1006 765 1055 Norvegia
791 1005 962 1042 hactenus
991 1012 1045 1042 est
1072 1006 1172 1042 lecta.

316 1095 441 1131 Lichen
472 1098 632 1138 minutus,
660 1095 862 1144 pulchellus,
897 1095 957 1130 sed
984 1097 1029 1131 ob
1055 1096 1200 1131 habitum
1229 1096 1494 1144 pulverulentum
1520 1101 1553 1130 et
1579 1096 1652 1130 loca
1681 1096 1773 1131 habi-

165 1156 252 1190 tandi
283 1156 475 1190 abscondita
504 1156 596 1190 facile
624 1156 859 1202 J'n'aetervisus.
890 1176 935 1181 -
966 1156 1108 1190 Podelia
1136 1169 1242 1203 usque
1270 1155 1312 1189 ad
1339 1157 1355 1203 ὲ
1383 1169 1455 1190 unc.
1485 1155 1563 1195 alta,
1589 1156 1774 1197 suberecta,

164 1216 276 1250 teretia
303 1215 320 1248 l.
352 1215 669 1262 compressiuscula,
703 1215 894 1249 tenuissime
927 1214 1209 1250 albo-tomentosa
1240 1215 1257 1249 Ι.
1289 1221 1395 1250 aetate
1423 1214 1491 1250 fere
1519 1215 1649 1262 glabra,
1679 1216 1773 1263 apice

165 1287 266 1322 saepe
292 1273 451 1308 subulata.
507 1272 744 1320 Phylloeladia
771 1273 812 1307 ad
840 1274 932 1308 basin
959 1273 1171 1321 podetiorum
1199 1274 1648 1321 pulvinato-conglomerata,
1678 1274 1773 1310 valde

164 1346 295 1381 sparsa,
324 1339 359 1366 ut
386 1332 519 1380 podetia
548 1332 633 1378 (basi
659 1333 855 1380 praecipue)
881 1332 949 1367 fere
976 1333 1063 1367 nuda
1092 1333 1248 1375 evadant,
1277 1333 1295 1368 l.
1326 1334 1440 1380 apices
1465 1346 1583 1367 versus
1616 1334 1773 1375 conserta,

163 1392 264 1440 vulgo
284 1392 490 1439 aeruginosa,
514 1392 617 1426 rarius
636 1392 923 1427 cinereo—virentia
948 1392 966 1427 l.
1002 1392 1253 1427 »ochroleuca.«
1317 1391 1524 1440 Cephalodia
1559 1393 1773 1440 »conglome—

163 1457 241 1493 rata,
268 1451 481 1499 planiuscula,
507 1451 632 1497 glabra,
659 1457 758 1486 atra.«
818 1450 1008 1499 Apothecia
1027 1453 1080 1487 vix
1097 1465 1252 1500 umquam
1277 1457 1426 1499 reperta,
1455 1453 1551 1486 etiam
1580 1465 1771 1499 spermogo—

163 1516 222 1545 nia
248 1509 356 1544 adhuc
387 1515 462 1545 sunt
488 1511 611 1557 ignota.

311 1580 411 1616 Obs.
444 1583 472 1615 1.
526 1580 662 1616 Nomen
689 1580 913 1616 Acharianum
942 1581 1143 1622 retinuimus,
1176 1580 1226 1615 his
1254 1580 1436 1628 praecipue
1477 1582 1634 1616 commoti
1674 1595 1771 1629 argu<

164 1641 296 1674 mentis:
328 1640 473 1681 Lichen,
501 1654 599 1688 quem
627 1642 657 1675 in
685 1639 770 1676 Hist.
799 1653 856 1675 sua
883 1638 982 1675 Helv.
1011 1640 1169 1674 describit
1196 1638 1268 1675 Cel.
1297 1638 1476 1681 HALLER,
1509 1641 1770 1688 quisquiliarum

164 1699 282 1733 similis
311 1706 389 1741 etc.‚
415 1706 451 1734 ut
477 1713 495 1735 e
522 1699 747 1748 descriptione
776 1700 925 1747 locisque
944 1699 1153 1734 habitationis
1180 1705 1213 1734 et
1239 1700 1452 1748 systematico
1476 1699 1614 1740 videtur,
1641 1701 1771 1735 minime

164 1764 215 1793 est
239 1758 322 1794 haec
350 1760 498 1806 species,
540 1759 601 1794 sed
640 1760 751 1807 potius
785 1758 953 1794 Cladouia
987 1771 1169 1806 squamosa
1205 1772 1272 1794 var.
1314 1758 1460 1793 delicata
1498 1758 1571 1802 (cfr.
1601 1758 1770 1795 SCHAER.

165 1815 286 1865 Spic.).
340 1816 529 1853 LEERSIUS
567 1818 686 1853 deinde
714 1818 798 1852 hanc
826 1818 969 1865 plantam
1001 1819 1179 1852 nominavit
1208 1817 1389 1852 Licleenem
1415 1818 1679 1866 quisquiliarem,
1708 1819 1770 1853 sub

166 1888 231 1923 quo
248 1878 389 1918 nomine,
416 1884 451 1912 ut
476 1891 494 1912 e
522 1877 745 1925 descriptione
764 1883 865 1925 patet,
889 1878 1096 1911 commiscuit
1121 1883 1229 1911 tamen
1254 1883 1287 1912 et
1316 1876 1518 1912 Cladom'am
1543 1877 1628 1911 illam
1655 1883 1687 1912 et
1714 1877 1768 1912 St.

164 1948 301 1969 nanum.
353 1935 625 1972 HOFFMANNUS
654 1936 796 1984 denique
818 1935 947 1972 Leersii
966 1936 1062 1971 Lich.
1091 1936 1345 1984 quisquiliarem
1369 1935 1410 1970 ad
1428 1949 1534 1983 genus
1561 1935 1771 1971 Stereocauli

163 1994 286 2035 retulit,
322 1995 382 2030 sed
419 2009 477 2030 sua
518 1997 632 2043 specie
668 1996 825 2030 intellexit
864 1996 971 2030 solum
1008 1995 1060 2031 St.
1089 2009 1226 2036 uanam,
1256 2008 1373 2043 quare,
1412 1996 1437 2030 si
1475 2008 1595 2030 nomen
1622 2001 1770 2043 quisqui—

164 2052 262 2088 liaris
286 2054 483 2089 servandum
524 2061 590 2097 est,
627 2055 680 2090 ille
711 2061 746 2089 ut
776 2060 892 2089 auctor
924 2061 975 2090 est
1008 2055 1192 2090 habendus.
1251 2053 1287 2088 Si
1319 2060 1426 2088 autem
1455 2054 1553 2089 fidem
1581 2053 1769 2089 historicam

163 2114 330 2160 respicere
373 2127 571 2162 omnemque
605 2114 833 2149 confusionem
867 2115 990 2149 evitare
1032 2115 1186 2156 velimus,
1225 2113 1314 2148 haud
1348 2113 1448 2148 dubie
1474 2113 1540 2147 hoc
1568 2126 1686 2148 nomen
1715 2119 1769 2148 aut

166 2170 340 2206 delendum
367 2179 421 2207 ant
447 2173 489 2207 illi
524 2172 708 2208 Cladoniae
734 2173 942 2209 tribuendum
969 2179 1002 2209 et
1029 2179 1113 2208 nani
1151 2179 1187 2207 ut
1221 2173 1426 2221 aptissimum
1457 2185 1566 2219 neque
1600 2174 1768 2208 erroribus

166 2230 322 2264 imbutum
350 2232 564 2266 retinendum.

315 2299 414 2336 Obs.
445 2303 477 2336 2.
529 2301 717 2350 Apothecia
758 2315 935 2351 numquam
973 2302 1113 2337 vidimus
1148 2308 1181 2336 et
1210 2302 1306 2337 valde
1341 2314 1419 2336 sane
1454 2300 1657 2343 dubitamus,
1691 2315 1767 2337 num

168 2370 245 2392 vere
284 2360 346 2393 sint
382 2361 519 2395 iuventa.
592 2360 814 2396 MICHELIUS
844 2362 928 2396 nulla
957 2367 1196 2396 commemorat
1222 2367 1254 2396 et
1284 2375 1368 2409 quae
1392 2359 1583 2395 LEERSIUS
1611 2360 1769 2396 describit

169 2421 280 2462 aperte
307 2417 347 2450 ad
376 2417 574 2453 Clacloniam
603 2434 815 2467 squamosam
841 2419 878 2460 ,6.
905 2421 1085 2456 delicatam
1114 2422 1286 2469 pertinent.
1342 2419 1615 2455 HOFFMANNUS
1643 2426 1766 2462 autem,

170 2486 266 2520 quem
293 2482 408 2521 postea
435 2491 548 2513 omnes
576 2485 729 2514 auctores
756 2479 824 2514 sere
854 2481 1017 2515 verbotim
1040 2482 1351 2527 transscripserunt,
1378 2478 1553 2527 apothecia
1581 2491 1617 2513 se
1644 2479 1766 2515 vidisse

171 2531 302 2578 quidem
331 2533 464 2569 affirmat
497 2537 676 2578 »conferta‚
703 2539 931 2581 tuberculosa,
959 2539 1110 2580 lateralia,
1139 2539 1338 2579 atrofusca«,
1363 2538 1423 2573 sed
1448 2537 1535 2572 haud
1563 2537 1662 2573 dubie
1688 2538 1718 2572 h.
1747 2539 1764 2573 Ι.

170 2590 363 2638 cephalodia
389 2605 450 2638 pro
485 2596 664 2631 »scutellis«
695 2596 816 2631 habuit.

1570 2714 1616 2749 47
