2435 3188
653 285 735 327 168

598 409 638 414 —
659 393 704 421 Ad
725 391 870 430 Upsaliam
904 400 1006 419 marem
1041 390 1151 418 unicum
1179 389 1267 417 media
1290 385 1492 442 aestatelrufa
1514 386 1669 426 (Wder.)

599 442 724 481 excipulo
746 441 813 479 cepi.

600 515 758 550 pygmaea
780 504 874 536 Sund.
899 502 1109 545 (tenebricola
1139 501 1262 543 Wider.)

600 576 611 586 ⁹
625 577 754 605 arcuata
776 584 805 603 n.
828 582 872 613 sp.
889 590 922 594 —
950 570 1052 612 Long.
1076 569 1094 600 2
1118 568 1236 599 millim.
1261 571 1296 607 (ὅ
1313 568 1351 605 ξ’).

687 639 896 682 Niyro-fusca,
915 638 1045 680 pedibus
1073 637 1212 675 testaceis,
1239 635 1397 666 abdomine

603 693 743 734 utrinque
775 690 853 721 vittis
887 689 1014 731 obliquis
1036 688 1183 726 olivaceis,
1209 687 1315 717 amicis
1337 686 1397 716 dis-

597 744 718 785 junctis,
736 741 862 783 posticis
885 740 963 771 binis
996 739 1133 780 apicibus
1162 738 1332 778 conjuncti-5.
1360 755 1393 759 —

604 798 658 832 32
680 792 730 824 ad.

689 846 781 874 Descr.
804 846 821 878 fc
843 843 885 871 ad.
907 842 1030 870 —Lin.
1053 851 1239 880 pygmaeae
1260 842 1342 868 Sumd.
1365 840 1399 868 si-

606 896 731 929 millima,
753 893 800 922 sed
823 891 1014 929 magnitudine
1036 891 1149 924 minore,
1163 891 1252 918 colore
1275 890 1399 928 cephalo-

607 945 726 974 thoracis
758 942 935 980 nigro-fusco,
967 940 1068 968 aculeis
1091 940 1190 977 pedum
1214 943 1263 967 cet.
1286 940 1400 967 diversa.

607 992 891 1032 Cephalothorax
912 993 986 1018 totus
1004 993 1030 1017 et
1053 993 1205 1017 sternnm
1224 989 1399 1025 nigro-fusca.

609 1042 708 1081 Palpi
741 1040 860 1070 testacei.
914 1039 1022 1067 Pedes
1055 1039 1106 1067 toti
1139 1038 1267 1071 testacei,
1301 1037 1401 1065 aculeis

611 1092 751 1122 nonnullis
783 1090 919 1122 tenuibus,
953 1088 1112 1126 praesertim
1146 1087 1174 1115 in
1202 1090 1267 1115 tibiis
1289 1086 1401 1119 armati3

608 1147 707 1178 femora
741 1139 849 1172 mutim,
882 1138 963 1176 primi
995 1138 1068 1175 paris
1100 1137 1228 1174 exceptis,
1250 1146 1320 1173 qnae
1341 1145 1402 1163 acn-

612 1193 684 1221 leum
706 1190 845 1227 singulum
868 1188 896 1215 in
918 1187 1002 1215 latere
1024 1186 1158 1214 anteriore
1183 1195 1275 1213 versus
1298 1185 1401 1222 apicem

613 1242 727 1274 habent;
765 1241 900 1266 metatarsi
930 1246 1024 1264 omnes
1057 1235 1166 1272 singulo
1197 1235 1290 1263 aculeo
1322 1243 1403 1271 snpra

613 1300 706 1319 versus
727 1289 804 1318 basin
826 1286 943 1326 praediti
965 1289 1036 1314 sunt.

614 1339 811 1377 nigro-fuscum
820 1359 826 1370 ,

1081 1284 1258 1312 Abdomen
1282 1287 1403 1313 ovatum,

865 1335 940 1363 vittis
974 1335 1030 1363 sive
1062 1334 1169 1362 lineolis
1202 1333 1292 1371 parvis
1327 1336 1402 1360 5—(3

614 1389 740 1427 obliquis,
763 1385 890 1415 olivaceis
912 1384 954 1412 vel
974 1384 1146 1416 flaventibus,
1168 1383 1239 1411 binis
1262 1382 1403 1420 oppositis,

614 1447 729 1477 quarum
761 1436 830 1464 duae
861 1434 966 1462 anticae
998 1433 1114 1470 majores
1144 1437 1209 1460 sunt
1235 1435 1261 1460 et
1285 1431 1404 1459 maculas

616 1487 752 1525 sejunctas
783 1486 912 1516 formant,
945 1482 1064 1520 reliquae
1097 1492 1159 1510 vero
1183 1482 1262 1509 binae
1284 1481 1406 1518 apicibus

616 1536 785 1574 conjunctae,
808 1543 885 1562 arcus
908 1532 948 1560 vel
971 1532 1054 1559 vittas
1081 1531 1225 1567 angulatas
1247 1531 1406 1563 formantes

617 1586 645 1614 in
677 1584 807 1613 lateribus
836 1582 863 1610 in
897 1581 1017 1609 maculas
1049 1581 1185 1614 dilatatas,
1210 1589 1303 1608 versus
1324 1588 1406 1607 anum

618 1635 810 1663 decrescentes.
863 1631 963 1658 Latera
1000 1629 1154 1658 abdominis
1187 1629 1300 1657 maculis
1337 1627 1409 1656 binis

619 1683 746 1712 olivaeeis
768 1683 907 1713 notantur,
930 1679 1019 1708 antica
1042 1679 1152 1716 majore,
1171 1679 1274 1716 postica
1297 1678 1408 1705 minore.

626 1735 716 1760 Venter
737 1731 822 1767 niger.
865 1731 978 1764 Epiyyne
998 1738 1090 1766 parva,
1113 1731 1238 1755 testacea.

703 1782 761 1808 Mas
792 1779 882 1807 differt
916 1781 1024 1806 tantum
1057 1776 1202 1804 abdomine
1233 1780 1292 1804 toto
1324 1776 1411 1812 nigro,

622 1831 737 1860 arcubus
760 1829 805 1856 vix
826 1827 969 1865 expressis,
986 1830 1013 1855 et
1035 1826 1162 1864 palpis,
1185 1825 1414 1862 qnifusco-testa-

623 1881 663 1909 cei
684 1882 757 1912 sunt,
779 1881 856 1916 parte
878 1876 965 1904 tibiali
984 1879 1011 1904 et
1023 1875 1124 1903 lamina
1137 1874 1318 1911 nigro-fuscis.
1331 1873 1414 1901 bulbo

622 1928 830 1958 testaceo-fusco
860 1926 901 1953 vel
923 1925 1085 1962 ferrugineo.
1129 1925 1197 1951 Pars
1221 1925 1352 1958 semor-alis
1374 1932 1416 1959 cy-

623 1978 747 2011 lindrica,
760 1975 933 2013 longitudine
955 1975 1010 2002 fere
1032 1973 1196 2011 reliquarum
1219 1972 1337 2010 partium
1355 1981 1417 1999 eou—

623 2027 755 2067 junctim3
787 2035 852 2061 pars
872 2027 1007 2059 patellaris
1038 2022 1194 2060 eylindrica,
1218 2021 1351 2049 diametro
1373 2020 1418 2047 vix

627 2078 748 2115 longior3
780 2077 872 2103 tibialis
894 2073 976 2101 etiam
999 2072 1114 2106 brevior,
1138 2070 1216 2099 valde
1229 2069 1418 2102 dilatata,se1·e

626 2128 653 2155 in
686 2127 803 2154 formam
835 2127 944 2161 paterae
973 2122 1095 2155 redacta3
1128 2123 1224 2148 lamina
1258 2123 1300 2147 sat
1321 2118 1418 2151 brevis,

627 2177 681 2205 fere
711 2175 837 2207 obovata‚
870 2172 961 2200 minus
993 2180 1121 2200 convexa.
1170 2171 1263 2197 Bulbus
1295 2177 1419 2205 magnus,

628 2224 816 2262 complicatus,
839 2230 971 2259 procursu
992 2220 1089 2248 subtus
1111 2219 1144 2247 ad
1168 2219 1244 2246 basin
1268 2227 1360 2245 versus
1383 2217 1420 2244 la-

629 2279 674 2303 tus
696 2273 815 2302 exterius
826 2271 986 2309 plerumque
1008 2269 1163 2307 conspicuo.
1185 2283 1226 2288 --
1247 2267 1303 2295 Sub
1325 2266 1421 2304 lapidi-

630 2325 689 2357 bus,
721 2322 814 2360 lignis,
846 2324 895 2348 cet.
926 2319 993 2347 locis
1025 2318 1170 2352 umbrosis,
1202 2316 1361 2355 praesertim
1393 2316 1419 2344 in

631 2373 705 2402 silvis
728 2372 761 2400 ad
785 2369 928 2408 Upsaliam
951 2368 1041 2396 minus
1063 2368 1189 2406 frequens
1210 2367 1329 2395 inventa.

633 2438 849 2482 angulipalpis
883 2437 982 2467 Westr.

635 2490 757 2533 nigrina
785 2488 885 2519 lVestr.

635 2542 739 2582 filipes
763 2538 924 2581 (Blae—lew.)
949 2537 1115 2578 (concolor
1144 2536 1266 2577 Wider.)

637 2591 778 2623 dorsalis
808 2589 915 2621 Wider.

638 2642 773 2685 parvula
803 2641 902 2672 Westr.

1422 443 1548 467 comata
1571 437 1725 477 (ll'icler.)

1509 505 1587 537 Gen.
1612 506 1649 537 II.
1672 505 1845 536 TApmom
1878 505 1977 536 ll'estr.

1423 556 1595 598 longidens
1621 557 1760 597 (Wider.)

1510 624 1588 656 Gen.
1611 625 1664 656 111.
1688 625 1936 656 PACHYGNATHA
1959 624 2052 654 Sund.

1425 676 1554 707 clerckii
1580 676 1674 707 Sund.

1427 727 1554 770 degeeri
1580 727 1675 759 szd.

1513 795 1590 826 Gen.
1615 795 1669 826 IV.
1694 795 1763 826 Euo
1787 794 1880 826 Koch.

1428 847 1593 889 variegata
1616 846 1709 877 Koch.

1508 901 1567 928 Obs.
1611 900 1642 927 E.
1665 899 1806 927 tubercula
1834 900 1880 930 (De
1902 899 1983 929 Geor.)
2017 897 2132 934 recipere
2165 906 2218 924 non

1428 950 1523 983 audeo,
1546 959 1630 987 quum
1656 949 1698 976 DE
1717 949 1837 976 GEERUS
1859 957 1913 975 non
1937 946 2098 975 nominatim
2121 945 2220 973 dixerit

1428 1010 1456 1027 se
1478 999 1547 1027 hanc
1580 999 1696 1036 speeiem
1730 997 1758 1025 in
1792 997 1931 1035 Uplandia
1963 995 2107 1028 invenisse,
2136 1004 2221 1032 neque

1429 1050 1485 1086 ipse
1506 1058 1567 1076 enm
1590 1048 1712 1075 viderim.

1515 1113 1592 1145 Gen.
1620 1113 1657 1144 V.
1681 1112 1859 1143 STEATODA
1884 1110 1978 1141 szd.

1431 1165 1662 1207 tepidariorum
1687 1162 1809 1204 (Koch.)

1432 1218 1541 1247 lunata
1564 1214 1703 1257 (Clerok.)

1432 1272 1584 1298 castanea
1609 1264 1748 1308 (Clerck.)

1432 1319 1607 1360 serratipes
1636 1315 1827 1359 (Schranclc.)

1432 1371 1619 1412 bipunetata
1643 1367 1761 1409 (Lino.)

1433 1421 1592 1452 eorollata
1615 1418 1736 1460 (Lina.)

1433 1477 1558 1515 guttata
1581 1470 1723 1512 (Wicler.)

1435 1524 1536 1555 tristls
1560 1522 1691 1564 (Halm.)

1524 1591 1601 1623 Gen.
1626 1590 1680 1621 VI.
1704 1589 1890 1620 T1113R1D1U31
1914 1585 2057 1628 (Walclc.)

1438 1645 1588 1676 lineatum
1612 1640 1750 1683 (Clerchz)

1439 1694 1619 1737 sisyphium
1644 1691 1781 1734 (Clerck.)

1440 1745 1637 1788 pulchellum
1670 1742 1778 1774 ll'alclc.

1441 1799 1573 1829 tinctum
1604 1793 1712 1826 Walck.

1443 1847 1674 1880 denticulatum
1704 1843 1812 1875 Walck.

1443 1898 1669 1930 bimaculatnnl
1694 1895 1813 1938 (Lino.)

1530 1975 1608 2006 Gen.
1632 1973 1703 2004 VII.
1730 1971 1877 2002 Emeomz
1901 1969 1971 2000 Sao.

1445 2025 1640 2068 longipalpis
1665 2023 1758 2055 szd.
1784 2021 1977 2063 (longimano.
1999 2017 2167 2059 (Walck.))

1447 2076 1642 2117 dentipalpis
1666 2074 1809 2116 (Wider.)

1448 2128 1627 2167 longimana
1650 2125 1743 2156 Koch.

1447 2177 1672 2209 scabristernis
1703 2175 1803 2206 lVeslr.

1448 2229 1559 2260 conica
1592 2228 1687 2257 ll'eslr.

1448 2281 1457 2292 ⁰
1471 2278 1630 2311 cucullata
1654 2277 1775 2318 (Koch.)

1448 2331 1571 2362 elevata
1595 2327 1715 2370 (Koch.)

1449 2381 1595 2422 elongata
1620 2378 1763 2420 (Wicler.)

1451 2432 1554 2463 antica
1576 2429 1718 2472 (Wider.)

1452 2489 1559 2514 retusa
1589 2481 1688 2512 lVestr.

1452 2533 1647 2576 erythropns
1679 2531 1776 2562 VVeslr.

1453 2583 1606 2627 parallela
1629 2582 1771 2624 (Wider.)

1439 2669 1441 2679 Ι
1454 2635 1620 2667 reticulata
1649 2633 1747 2664 Weslr⁴
