2435 3188
1622 239 1703 281 101

167 359 208 394 A.
226 355 395 405 fabrilem
419 364 501 388 cum
527 352 571 387 A.
588 351 751 399 inquilino
768 348 988 384 confudisse:
1018 360 1087 383 una
1103 347 1226 384 saltem
1243 347 1466 389 feminarum,
1493 357 1581 395 quas
1601 344 1764 394 depinxit

166 416 238 465 (fig.
269 412 396 460 1392),
424 409 468 447 ab
495 409 556 446 illo
584 421 657 445 non
682 407 830 444 multum
869 405 1049 443 abhorret.
1109 406 1265 455 Utraque
1292 405 1434 454 species
1460 404 1620 440 abdomen
1647 403 1764 439 subtus

163 483 276 511 atrum
303 469 425 512 habet;
456 474 490 505 at
520 467 637 504 multis
666 465 776 502 rebus
799 465 891 502 inter
914 478 954 502 se
983 464 1171 501 dissimiles
1197 469 1287 506 sunt,
1319 468 1357 500 ut
1383 476 1431 500 ex
1464 461 1765 511 descriptionibus

166 528 429 580 insequentibus
459 527 562 564 facile
585 525 731 575 intelligi
757 524 897 574 poterit.
950 523 1078 572 Neque
1105 523 1232 559 iisdem
1265 523 1355 559 locis
1389 522 1630 558 inveniuntur:
1673 532 1765 569 quae

162 591 333 628 Kocmus
360 587 406 623 de
432 586 523 622 vitae
540 585 679 622 ratione
695 596 782 620 suae
804 585 888 619 Tar.
904 582 1059 631 fabrilis
1074 582 1166 625 dicit,
1187 595 1230 618 ea
1246 582 1281 618 in
1303 583 1346 618 A.
1363 582 1567 631 inquilinum
1593 579 1762 615 Clerck.

160 649 274 686 solum
301 646 526 687 conveniunt,
551 657 624 680 non
650 656 739 680 vero
766 643 802 679 in
828 644 872 679 A.
887 642 1073 691 fabrilem,

315 769 556 805 TARENTULA
600 763 756 813 fabrilis
802 762 1034 813 (Clerck.)
1079 785 1127 792 —
1169 762 1283 813 Long.
1321 761 1480 799 14—17
1518 761 1649 799 millim.
1684 764 1765 812 (5²);

381 826 526 861 11—13
552 823 634 860 mill.
662 824 741 873 (ἅ).

234 902 296 935 Syn.
322 900 382 927 vide
404 909 491 936 supra.

304 980 477 1022 Robusta,
509 978 813 1021 albicio-cinerea,
854 976 1156 1027 cephalothorace
1188 976 1294 1013 fascia
1321 977 1487 1026 utrinque
1515 975 1624 1018 fusca,
1653 977 1767 1013 antice

159 1040 367 1092 posticeque
417 1039 562 1089 nigrore
604 1038 799 1079 terminata,
831 1037 880 1081 (in
910 1041 943 1085 ῼ)
970 1037 1063 1073 linea
1090 1036 1123 1072 in
1152 1040 1251 1085 parte
1293 1036 1474 1085 cephalica
1514 1036 1768 1086 longitudinali,

160 1100 351 1151 geminata,
381 1099 496 1141 fusca;
535 1096 690 1146 pedibus
731 1096 975 1137 brevioribus,
1016 1095 1183 1137 fortibus,
1224 1095 1424 1131 femoribus
1449 1094 1769 1144 nigro-maculatis3

164 1159 344 1197 abdomen
382 1158 581 1199 cinereum,
611 1155 749 1192 macula
775 1167 903 1205 magna
931 1154 1080 1197 dorsali,
1115 1155 1246 1197 antica,
1274 1154 1441 1204 utrinque
1469 1154 1625 1196 dentata,
1654 1153 1768 1197 fusca,

161 1219 262 1256 lineis
293 1216 508 1254 sub-albidis
535 1215 650 1252 antice
676 1215 829 1257 definita,
870 1227 967 1264 pone
1008 1226 1113 1264 quam
1141 1213 1193 1261 (in
1220 1216 1255 1263 2)
1283 1213 1386 1250 lineis
1416 1213 1630 1249 transversis
1658 1226 1770 1263 angu—

160 1278 246 1317 latis,
273 1289 401 1313 versus
428 1288 535 1312 anum
565 1274 868 1317 decrescentibus,
894 1273 1004 1324 nigris
1024 1277 1175 1315 notatur,
1201 1272 1369 1322 serieque
1385 1272 1551 1321 utrinque
1567 1284 1615 1308 ex
1629 1272 1770 1321 punctis

158 1335 361 1384 majoribus,
393 1334 617 1378 sub-albidis,
645 1335 760 1371 antice
794 1333 1122 1384 nigro-marginatis
1149 1332 1316 1374 formata;
1355 1335 1481 1368 ventre
1520 1335 1608 1368 atro.
1661 1330 1771 1368 Maris

161 1395 293 1433 bulbus
319 1394 481 1445 genitalis
506 1393 632 1431 subtus
659 1406 838 1443 procursu
865 1406 1012 1436 corneo,
1042 1391 1380 1443 angulato-sinuoso
1407 1396 1573 1427 armatus.

306 1495 428 1532 Descr.
460 1500 478 1533 3
503 1498 559 1531 ad.
590 1517 634 1524 ——
669 1495 1024 1545 Cephalothorax
1055 1493 1152 1531 7-8
1179 1494 1299 1529 millim.
1327 1494 1457 1541 longus,
1485 1492 1652 1527 latitudine
1669 1492 1773 1526 maxi-

163 1569 214 1591 ma
243 1556 311 1591 sere.
348 1556 408 1603 Ἄ,
446 1555 613 1591 latitudine
654 1555 769 1591 frontis
805 1556 935 1590 circiter
965 1555 1005 1604 ³73
1033 1553 1262 1603 longitudinis,
1303 1553 1425 1588 altitud.
1454 1553 1569 1588 frontis
1593 1570 1632 1582 =
1659 1551 1772 1599 longit.

166 1614 319 1651 dimidiae
344 1615 570 1657 mandibulae;
601 1615 793 1657 ob-ovatus,
822 1614 990 1656 robustus,
1016 1627 1134 1662 parum
1159 1613 1254 1655 altus,
1282 1612 1383 1648 dorso
1412 1612 1481 1648 sere
1498 1612 1609 1660 plano,
1634 1612 1675 1646 ad
1691 1623 1771 1645 ocu-

161 1676 212 1711 los
238 1677 388 1723 posticos
415 1674 484 1710 sere
508 1683 613 1712 recto.
639 1680 671 1709 at
698 1680 765 1709 tum
796 1673 838 1708 ad
865 1673 982 1709 oculos
1009 1672 1140 1708 medios
1168 1673 1315 1714 declivis,
1342 1672 1416 1720 pilis
1443 1672 1663 1711 brevioribus,
1690 1670 1771 1705 den-

162 1736 216 1776 sis,
243 1735 413 1782 appressis
437 1739 558 1775 tectus3
576 1741 686 1783 parte
716 1733 891 1782 cephalica
911 1733 1024 1781 paullo
1053 1733 1242 1775 elevatiore,
1274 1733 1380 1767 antice
1418 1731 1773 1771 rotundato-truncata,

160 1794 317 1830 lateribus
348 1793 541 1835 declivibus,
569 1793 638 1828 sere
663 1793 841 1841 parallelis,
869 1793 953 1828 serie
982 1798 1125 1827 setarum
1154 1798 1383 1840 porrectarum
1408 1804 1470 1840 per
1494 1797 1596 1825 totam
1629 1790 1771 1837 longitu-

163 1853 270 1889 dinem
298 1854 330 1888 in
365 1852 474 1888 medio
502 1852 614 1894 dorso,
641 1853 778 1901 aliisque
822 1853 911 1894 setis,
948 1853 1043 1887 etiam
1074 1853 1105 1887 in
1134 1852 1237 1886 series
1266 1850 1452 1899 dispositis,
1493 1863 1593 1898 supra
1630 1857 1661 1883 et
1697 1853 1771 1882 ante

163 1913 295 1954 oculos3
327 1919 438 1961 parte
464 1911 638 1947 thoracica
662 1912 694 1947 in
721 1912 878 1947 lateribus
904 1917 936 1946 et
964 1911 1095 1959 postice
1124 1911 1246 1946 sensim
1283 1910 1416 1951 declivi,
1446 1910 1563 1944 leviter
1589 1908 1771 1943 rotundata.

165 1970 368 2007 Sternum
401 1970 665 2013 sub-cordatum,
691 1971 838 2012 nitidum,
863 1970 1016 2019 disperse
1044 1970 1198 2018 pilosum.
1252 1968 1375 2004 Oculi
1404 1969 1529 2016 magni;
1555 1969 1658 2003 series
1678 1972 1771 2015 quat-

166 2037 241 2066 tuor
266 2036 462 2066 anticorum
488 2031 619 2078 postice
653 2030 765 2078 paullo
804 2042 964 2070 convexa,
991 2043 1006 2064 a
1039 2031 1188 2077 margine
1229 2028 1343 2063 frontis
1379 2041 1445 2062 non
1475 2027 1605 2075 longius
1645 2026 1773 2065 remoti,

170 2103 266 2138 quam
295 2091 336 2126 ab
365 2090 470 2124 oculis
509 2089 636 2131 mediis,
671 2095 704 2125 et
743 2102 860 2138 parum
887 2089 1030 2136 longius,
1071 2101 1168 2136 quarn
1199 2087 1358 2122 diametro
1386 2086 1558 2121 oculorum
1589 2085 1773 2120 mediorum

169 2151 361 2191 anticorum,
389 2149 444 2197 qui
469 2148 580 2196 paullo
607 2149 751 2196 majores
787 2154 876 2189 sunt,
915 2160 1012 2195 quam
1046 2147 1197 2182 laterales
1230 2147 1341 2187 antici,
1380 2146 1480 2179 medii
1511 2146 1630 2192 magni,
1670 2143 1772 2178 multo

165 2210 319 2256 majores,
348 2220 446 2256 quam
468 2212 606 2256 postici,
633 2214 666 2242 et
691 2208 774 2242 inter
802 2221 838 2243 se
860 2207 971 2255 paullo
990 2207 1131 2254 propius
1150 2205 1318 2246 distantes,
1345 2217 1442 2252 quam
1473 2204 1515 2239 ab
1542 2203 1602 2238 his.
1652 2201 1770 2238 Man-

165 2268 340 2303 dibulae
369 2267 696 2316 ovato-cylindricae,
720 2268 750 2302 in
779 2266 880 2301 dorso
910 2279 1090 2306 convexae,
1118 2266 1230 2306 sortes,
1256 2265 1382 2299 femore
1402 2264 1594 2305 crassiores,
1619 2268 1773 2297 metatar-

175 2328 219 2361 sis
246 2326 370 2374 pedum
399 2327 579 2361 anticorum
606 2326 785 2373 longiores.
838 2324 1040 2360 Maxillae
1068 2330 1196 2365 ovatae,
1224 2325 1429 2358 extrinsecus
1457 2323 1660 2362 rotundataffi
1687 2323 1773 2356 intus

172 2386 306 2433 oblique
327 2392 493 2421 truncatae
522 2392 554 2421 et
582 2387 612 2420 in
640 2385 794 2421 labium
822 2391 1056 2425 transversum,
1082 2385 1178 2431 apice
1206 2389 1389 2418 truncatum
1414 2382 1595 2418 inclinatae.
1648 2380 1772 2429 Palpi

178 2444 464 2491 cephalothoracis
501 2445 714 2492 longitudine,
752 2450 1005 2480 metatarsorum
1034 2443 1198 2484 crassitie,
1233 2442 1330 2490 pilosi
1360 2448 1392 2477 et
1416 2443 1552 2490 spinosi,
1578 2441 1772 2490 praesertim

171 2535 391 2569 cephalothorace
410 2537 451 2561 vix
470 2537 537 2561 ultra
556 2537 571 2561 5
590 2537 684 2562 minim.
702 2537 804 2571 longo),
832 2537 922 2562 colore
949 2537 1031 2562 multo
1060 2536 1226 2565 obscuriore,
1254 2536 1394 2561 abdomine
1422 2535 1516 2560 subtus
1544 2535 1654 2565 cinereo,
1674 2538 1722 2560 cet.
1742 2546 1772 2552 -

176 2576 257 2603 Simul
277 2583 355 2612 atque
374 2579 447 2604 nives
467 2579 554 2604 calore
574 2579 712 2604 tabuerunt
738 2579 883 2609 (mensibus
911 2580 988 2605 etiam
1007 2580 1096 2605 Feb1·.!
1114 2583 1139 2605 et
1159 2579 1256 2611 Martii)
1285 2578 1390 2604 adultae
1411 2579 1547 2612 utriusque
1573 2586 1653 2604 sexus
1682 2576 1773 2607 inveni,

179 2627 244 2654 quae
263 2626 358 2654 postea
377 2629 424 2655 per
441 2626 526 2647 totum
545 2627 649 2656 tempus
668 2622 772 2647 vernale
791 2622 815 2646 in
836 2622 934 2655 campis
954 2626 979 2647 et
998 2622 1109 2648 collibus
1128 2621 1222 2656 apricis
1240 2621 1391 2655 frequentes
1411 2625 1479 2647 sunt.
