2435 3188
1599 279 1678 320 279

143 396 176 426 et
213 390 242 424 in
280 386 430 422 herbario
462 383 512 419 Cl.
541 384 661 420 Friesii
691 386 729 430 (a
756 385 908 420 Mertens
934 385 1069 432 datum)
1104 384 1294 419 inveniatur.
1348 383 1423 419 Nisi
1453 384 1494 419 de
1525 385 1574 420 his
1606 387 1732 422 caussis

144 448 272 483 dubium
302 449 407 486 esset,
440 457 515 478 num
542 444 715 479 Fumaria
733 443 938 492 prebensilis
968 442 1036 478 Kit.
1062 442 1179 478 eadem
1208 443 1249 477 sit
1276 456 1315 478 ac
1340 443 1513 478 Fumaria
1536 444 1732 479 micrantha

144 506 240 554 Lag„
266 510 297 539 et
322 516 441 538 nomen
470 516 530 550 per
561 517 598 538 se
632 504 739 551 ipsum
780 503 873 537 nimis
915 503 1061 549 ineptum
1098 501 1287 547 (Fumaria
1323 501 1518 537 micramha
1557 504 1640 537 enim
1682 509 1733 537 est

142 567 242 600 minus
267 561 430 597 scandens
457 561 509 596 vel
529 562 734 610 prebens-ilis
765 574 861 609 quarn
890 561 1049 608 plurimae
1076 561 1234 608 species),
1261 560 1326 595 hoc
1354 574 1485 601 nomen,
1509 567 1624 609 utpote
1652 563 1732 596 anti-

143 624 234 672 quius
257 621 387 668 (1812)
429 633 525 668 quam
563 634 578 655 a
622 620 806 656 Candolleo
835 620 966 667 (1813)
995 626 1027 655 et
1057 633 1073 654 a
1109 618 1262 667 Lagasca
1291 620 1422 667 (1816)
1458 619 1567 654 datum
1611 621 1732 654 restitui

141 681 289 717 debebat.
344 678 401 714 De
428 678 470 714 F.
497 680 681 726 densgflora
712 677 799 714 Dec.
837 678 930 713 confr
971 677 1011 714 F.
1045 678 1224 714 officinalis.
1261 679 1304 714 F.
1334 679 1526 726 calyciuam
1566 678 1607 712 ad
1650 678 1732 713 lianc

141 741 281 789 speciem
306 744 458 787 spectare
486 737 616 773 Auctor
643 739 715 787 ipse
744 737 864 772 docuit.

625 879 667 921 8.
730 881 918 920 Fumaria
951 881 1109 921 Isralilti
1139 880 1244 920 lord.

280 989 318 1025 F.
346 988 518 1024 fructibus
545 988 778 1025 subrotundis
807 989 944 1025 obtusis
972 989 1142 1031 laevibus,
1171 988 1300 1038 sepalis
1318 988 1443 1038 amplis
1461 988 1572 1025 ovatis
1599 989 1731 1025 acumi-

135 1048 221 1085 natis
247 1048 396 1084 dentatis
419 1048 589 1084 corollam
619 1048 800 1084 dimidiam
826 1048 1048 1095 longitudine
1075 1048 1311 1098 aequantibus
1344 1050 1496 1097 ejusque
1532 1048 1619 1084 tubo
1654 1048 1730 1084 fere

134 1107 324 1149 latioribus,
352 1106 506 1143 bracteis
533 1107 711 1155 pedicello
741 1107 924 1143 fructifero
956 1108 1096 1144 reflexo
1137 1107 1370 1158 longioribus,
1402 1107 1570 1143 foliorum
1596 1107 1728 1144 laciniis

132 1166 321 1203 linearibus
349 1166 461 1215 planis
488 1166 666 1202 tenuibus.

135 1271 306 1306 Fumaria
332 1268 527 1304 micrantka
555 1282 626 1303 var.
654 1267 767 1304 Boiss.
799 1269 929 1315 Diagn.
947 1269 1000 1317 pl.
1025 1274 1142 1305 orient.
1171 1274 1259 1306 1844.

135 1349 306 1384 Fumaria
333 1347 473 1381 Kralzsskzt
498 1346 618 1382 Iordan
652 1346 728 1382 Cat.
758 1348 803 1381 da
821 1349 919 1395 jard.
947 1347 1009 1383 bot.
1036 1349 1075 1383 de
1100 1349 1207 1395 Dijon
1236 1353 1315 1384 1848
1335 1362 1373 1396 p.
1399 1353 1433 1384 19
1459 1361 1499 1382 ex
1529 1347 1667 1395 exempl.
1697 1352 1730 1381 in

206 1405 293 1442 herb.
318 1406 428 1441 Fries.

133 1478 304 1514 Fumaria
342 1477 514 1512 anatolica
552 1475 665 1511 Boiss.
703 1477 836 1523 Diagn.
861 1477 910 1526 pl.
938 1482 1055 1513 orient.
1090 1482 1167 1514 1849
1186 1491 1226 1526 p.
1256 1481 1291 1513 14
1321 1492 1362 1512 ex
1394 1478 1504 1513 Boiss.
1531 1479 1659 1526 pugill.
1680 1479 1730 1526 pl.

206 1551 276 1572 nov.
303 1538 384 1572 4852>
406 1550 442 1584 p.
467 1541 495 1571 6.

133 1623 219 1658 Icon.
244 1622 359 1658 Nostr.
390 1622 455 1657 tab.
487 1620 530 1657 II.

132 1713 279 1750 Habitat
304 1713 339 1749 in
366 1712 454 1748 locis
480 1711 598 1754 cultis,
634 1711 678 1747 ad
716 1723 840 1747 muros
872 1715 906 1747 et
933 1711 1065 1748 rudera
1089 1712 1124 1748 in
1153 1711 1255 1748 Caria
1283 1712 1422 1759 (Iord).
1455 1709 1652 1746 Palaestina
1685 1710 1730 1745 ad

208 1770 346 1808 Carmel
374 1773 536 1820 (Barsa),
564 1770 733 1812 Graecia,
768 1771 902 1806 Banatu
941 1770 986 1805 ad
1021 1770 1151 1807 Bazius
1177 1770 1280 1818 (herb.
1310 1771 1468 1818 Heuffel)
1495 1774 1530 1805 et
1553 1769 1588 1804 in
1617 1768 1730 1805 Gallia

207 1831 252 1866 ad
280 1830 461 1866 Marseille
488 1829 592 1877 (herb.
623 1831 725 1866 Fries
751 1839 785 1866 et
801 1831 963 1877 Lange).

279 1921 398 1956 Radix
434 1935 554 1963 annua,
591 1922 739 1970 simplex.
811 1920 930 1956 Caulis
967 1921 1107 1969 gracilis,
1145 1927 1277 1956 erectus
1306 1921 1359 1956 vel
1384 1920 1536 1961 diffusus,
1564 1932 1730 1959 ramosus,

134 1980 507 2027 rotundato-angulanis.
573 1981 675 2016 Folia
701 1980 831 2022 viridia,
866 1994 907 2015 ex
934 1980 1065 2028 petiolis
1094 1980 1426 2028 rotundato-trigonis
1467 1980 1730 2027 bipinnatisecta,

134 2040 253 2074 laciniis
281 2040 444 2087 oblongo·
472 2040 524 2075 vel
549 2040 928 2076 lanceolam-linearibus
961 2040 1180 2075 linearibusve
1214 2040 1382 2081 tenuibus,
1420 2039 1537 2075 acutis:
1576 2038 1729 2086 pedicelli

133 2098 313 2134 secundarii
342 2112 443 2148 saepe
477 2099 823 2134 cirrhoso-convoluti.
883 2099 1025 2133 Racemz·
1059 2098 1290 2146 oppositifolii‚
1326 2099 1470 2132 breviter
1501 2097 1729 2144 pedunculati,

133 2158 309 2199 multiflori,
346 2159 469 2193 evoluti
506 2158 690 2199 laxiusculi3
720 2158 873 2205 pedicelli
903 2159 1041 2199 breves,
1085 2157 1195 2191 reflexi
1235 2160 1283 2202 (et
1316 2156 1447 2191 floriferi
1479 2162 1511 2191 et
1544 2156 1725 2203 fructiferi).

134 2217 302 2251 Bracteae
327 2216 470 2258 albidae‚
505 2217 671 2265 oblongae
699 2218 751 2252 vel
789 2217 1139 2264 oblongo<obovatae‚
1172 2215 1381 2263 cuspidatae,
1416 2228 1519 2250 nervo
1555 2214 1646 2249 viridi
1681 2216 1728 2248 in-

134 2282 284 2317 structae,
311 2276 481 2323 pedicellis
513 2276 686 2312 fructiferis
712 2277 890 2323 longiores.
943 2275 1062 2310 Floras
1091 2274 1261 2322 pulchelli,
1293 2274 1392 2309 dilute
1419 2275 1514 2315 rosei,
1544 2275 1638 2321 apice
1667 2274 1728 2308 ob-

135 2335 307 2369 scuriores.
363 2334 490 2382 Sepala
514 2335 621 2383 ampla
651 2342 765 2377 ovata,
792 2336 990 2375 acuminata,
1019 2333 1232 2374 denticulata,
1261 2333 1348 2374 alba,
1376 2346 1479 2368 nervo
1516 2333 1608 2368 viridi
1646 2333 1728 2367 cari-

135 2399 216 2433 nata,
244 2393 398 2427 corollam
429 2393 592 2428 dimidiam
626 2395 827 2442 longitudine
865 2394 1036 2441 aequantia
1069 2394 1208 2440 ejusque
1242 2392 1322 2426 tubo
1349 2392 1416 2427 fere
1444 2392 1566 2427 latiora.
1621 2392 1728 2426 Peta-

135 2451 203 2484 lum
229 2457 383 2498 superius
409 2465 482 2487 curn
516 2453 633 2488 calcari
667 2452 992 2488 ovato-subrotundo
1022 2451 1121 2487 diluto
1148 2464 1297 2493 roseum,
1329 2452 1423 2499 apice
1452 2464 1595 2499 superne
1624 2451 1728 2498 gibbo

137 2508 228 2543 viridi
257 2510 461 2552 instructum,
493 2524 591 2559 quem
626 2513 759 2560 cingunt
800 2513 965 2559 margines
993 2511 1062 2552 lati,
1102 2510 1371 2559 patenti-reflexi,
1407 2523 1569 2545 summum
1599 2511 1727 2558 apicem

138 2568 346 2614 attingentes,
378 2572 545 2617 purpurei.
612 2571 774 2606 Patalam
802 2572 952 2617 inferius
986 2571 1052 2605 fere
1090 2570 1227 2611 lineare,
1267 2569 1595 2610 subcanaliculatum,
1633 2570 1727 2617 apice

139 2625 260 2660 inferne
291 2626 426 2674 gibbum
465 2628 601 2663 viridem
640 2629 746 2671 efficit,
782 2629 983 2677 marginibus
1017 2629 1102 2671 latis,
1128 2629 1263 2677 patulis,
1299 2641 1461 2663 summum
1496 2629 1624 2675 apicem
1660 2628 1727 2661 fere
