2435 3188
1691 228 1769 270 129

242 338 392 373 ..pectus
419 358 463 363 -
494 358 537 364 --
566 357 611 363 -
636 333 718 369 albo
744 332 912 381 proxime
939 330 1053 379 pedes
1080 329 1251 379 margine,
1271 339 1418 379 praeter
1446 340 1514 367 tres
1541 335 1694 369 maculas
1720 335 1825 377 albas,

221 399 346 443 forma
372 394 584 441 triangulari
611 390 802 441 (suethice:
833 389 1012 424 «wistani
1042 389 1203 424 trekant»
1232 408 1271 419 =
1287 392 1376 436 fere
1403 395 1439 424 in
1468 392 1684 436 triangulum
1711 395 1823 442 dispo-

229 462 286 491 siti
286 457 326 504 ).·
354 454 440 490 haec
466 453 501 488 in
531 452 567 489 C.
591 452 824 487 histrionicam
857 451 990 483 tantum
1023 447 1259 489 conveniunt;
1300 447 1528 490 «Nonnullis,
1556 447 1639 484 loco
1667 452 1821 488 macula-

228 526 313 554 runt,
340 514 450 554 stella,
481 513 534 547 vel
555 517 656 546 etlam
694 507 825 544 duabus
851 508 977 543 lineolis
1010 508 1222 548 decussatim,
1249 506 1431 555 plerisque
1457 510 1576 542 tamen
1603 507 1760 546 obscure
1787 516 1821 547 et

226 576 416 620 septuose»
444 570 489 606 de
520 570 555 606 C.
583 574 711 605 scenica
740 570 862 615 aperte
887 566 1061 601 dicuntur.
1114 565 1318 614 Descriptio
1334 565 1537 602 abdominis
1563 566 1598 602 in
1630 567 1818 604 Oleistrio-

226 637 334 666 m'cam
359 629 494 670 melius,
522 640 626 677 quam
649 627 684 662 in
711 625 855 662 alteram
880 624 987 667 eadit3
1017 637 1109 673 quae
1125 628 1244 660 autem
1272 624 1318 660 de
1345 624 1492 673 reliquis
1519 626 1684 674 corporis
1713 629 1817 675 parti-

226 689 291 724 bus
317 689 527 724 CLERCKIUS
553 685 643 727 dicit,
672 684 718 720 ad
745 689 932 733 utramque
959 683 1091 732 pariter
1122 683 1309 732 quadrant,
1338 695 1458 732 neque
1491 684 1606 733 figura
1630 685 1724 720 adeo
1752 699 1816 723 ex-

224 760 344 797 pressa
358 751 419 788 est,
449 751 484 781 ut
508 757 611 780 unam
639 743 774 785 melius,
798 756 903 792 quam
932 743 1078 779 alteram
1103 746 1357 791 repraesentet.
1413 744 1516 788 Quae
1544 756 1654 793 quum
1678 744 1725 780 ita
1739 745 1816 788 sint,

222 806 348 842 rectius
385 804 467 841 mihi
498 816 577 840 esse
605 803 745 839 videtur
781 802 928 838 nomine
956 801 1168 838 Clerckiano
1203 802 1239 838 C.
1268 808 1435 838 scenicam
1461 802 1597 839 Koch.
1625 804 1816 852 appellare,

220 869 256 901 ut
287 869 365 900 ante
404 876 461 899 me
503 862 662 898 fecerunt
697 874 825 897 omnes
868 861 1077 910 scriptores,
1105 860 1358 898 WESTRINGIO
1393 865 1566 910 exeepto;
1604 864 1815 911 praesertim

219 935 324 972 quum
352 922 409 958 illa
438 921 668 971 frequentior,
699 933 805 969 quam
841 921 878 957 C.
906 921 1108 957 histrionica
1135 919 1295 962 Koch,
1322 920 1357 956 in
1383 921 1557 970 Uplandia
1583 921 1790 971 reperiatur.

438 1096 497 1144 sp.
528 1096 560 1131 4.
615 1095 862 1132 STRIATUS.
892 1109 923 1144 p.
953 1096 1031 1131 123.
1058 1095 1106 1131 Pl.
1132 1096 1164 1131 5.
1194 1095 1262 1132 tab.
1297 1096 1349 1132 17.

359 1181 507 1230 Species
534 1180 618 1216 mihi
645 1181 776 1230 ignota,
801 1186 883 1230 post
908 1182 1086 1218 CLERCKII
1113 1186 1263 1218 aetatem
1289 1182 1325 1218 in
1350 1182 1480 1218 Suecia
1496 1194 1568 1218 non
1582 1183 1809 1231 reprehensa.

213 1243 318 1277 Attus
343 1241 436 1277 enim
462 1246 606 1277 striatas
635 1240 721 1276 Sun
733 1242 762 1277 d.
794 1242 890 1290 (Act.
918 1241 1037 1277 Holm.
1070 1241 1174 1277 1832.
1205 1255 1238 1290 p.
1273 1243 1359 1291 104)
1393 1242 1439 1278 ad
1480 1241 1572 1277 hanc
1599 1254 1673 1277 non
1703 1242 1810 1291 perti-

212 1306 278 1341 net,
304 1299 370 1335 sed
396 1304 450 1336 est
468 1319 507 1330 =
523 1301 587 1335 Ar.
615 1314 786 1335 muscosus
815 1300 984 1336 Clerck.
1012 1301 1203 1350 Euoplzrys
1228 1307 1358 1337 striata
1383 1300 1521 1337 Koch.
1551 1300 1638 1349 (Die
1652 1300 1807 1337 Arachn.

211 1359 303 1395 XIV.
336 1371 367 1407 p.
400 1362 428 1394 1.
458 1359 538 1408 figg.
570 1359 840 1407 1272—1273),
872 1359 928 1395 cui
957 1362 1021 1395 Ar.
1048 1366 1210 1396 striatam
1240 1360 1410 1396 Clerck.
1440 1359 1584 1407 subjicit
1624 1360 1808 1402 KOCHIUS‚

210 1418 245 1453 in
270 1417 407 1460 Suecia,
435 1423 602 1467 quantum
626 1418 718 1456 scio,
747 1418 907 1454 nondum
933 1418 1075 1455 inventa
1100 1424 1162 1455 est.
1217 1420 1324 1455 Attus
1354 1425 1501 1455 striatas
1527 1418 1694 1455 Walck.
1722 1419 1808 1468 (Ins.

210 1477 290 1525 Apt.
317 1477 340 1512 l.
364 1490 395 1525 p.
425 1478 513 1526 422)
540 1477 643 1513 etiam
675 1477 742 1513 alia
773 1483 827 1513 est
851 1477 1008 1526 species,
1050 1478 1250 1528 eademqne
1283 1483 1442 1514 externa.
1499 1478 1622 1514 Utrum
1652 1491 1722 1514 una
1749 1478 1806 1514 vel

209 1535 317 1571 altera
344 1549 464 1572 earum
492 1536 635 1578 eadem,
665 1549 707 1572 ac
735 1537 916 1573 CLERCKu
938 1536 1079 1585 species
1119 1538 1177 1580 sit,
1205 1550 1249 1573 an
1280 1539 1368 1573 haec
1396 1537 1441 1573 ab
1473 1542 1622 1586 utraque
1650 1537 1806 1579 diversa,

209 1607 293 1631 usus
322 1595 491 1644 temporis
529 1595 782 1645 consequentis
815 1600 851 1631 et
879 1596 1015 1644 posteri
1053 1595 1152 1632 solus
1179 1597 1315 1633 docere
1345 1596 1484 1646 poterit.
1539 1597 1578 1632 In
1604 1597 1805 1646 praesentia

209 1653 290 1690 nihil
317 1654 362 1690 de
388 1654 452 1690 hac
481 1654 601 1702 specie
628 1668 693 1703 pro
722 1659 821 1691 certo
845 1654 1105 1691 affirmaverim.

434 1844 492 1892 Sp.
522 1845 553 1880 5.
607 1845 936 1881 TEREBRATUS.
964 1859 996 1894 p.
1031 1845 1108 1880 120.
1136 1844 1185 1880 Pl.
1214 1844 1245 1879 5.
1274 1844 1341 1880 tab.
1378 1845 1433 1879 15.

289 1935 350 1965 Syn.
374 1933 478 1960 Attus
501 1933 696 1962 terabratus
718 1934 798 1961 Sund.
823 1935 884 1962 Aet.
908 1934 1001 1962 Holm.
1027 1937 1110 1961 1832.
1134 1943 1158 1970 p.
1182 1937 1248 1961 215.

496 1982 631 2019 psyllus
659 1985 752 2011 Il'alck.
776 1984 831 2011 Ins.
855 1984 919 2020 Apt.
942 1983 963 2011 I.
986 1993 1010 2021 p.
1035 1986 1099 2011 407.

374 2032 549 2069 Euophrys
572 2033 748 2060 terebrata
772 2035 847 2060 Koch.
871 2033 921 2061 Die
944 2033 1062 2060 Araelm.
1084 2032 1160 2060 XIV.
1183 2042 1207 2069 p.
1234 2035 1277 2059 12.
1300 2032 1362 2068 figg.
1389 2032 1596 2058 1280—1281.

369 2082 471 2110 Attus
493 2081 688 2109 terebratus
716 2084 806 2110 Wescr.
830 2083 889 2110 Act.
913 2082 1033 2110 Gothob.
1060 2085 1144 2110 1851.
1166 2091 1191 2119 p.
1216 2085 1261 2109 56.

671 2165 821 2214 [ATTus
847 2168 889 2199 te
898 2175 916 2198 r
924 2175 944 2199 e
953 2162 975 2198 b
986 2175 1004 2198 r
1012 2166 1082 2198 atu
1091 2177 1105 2197 s
1132 2161 1335 2212 (Clerck.)]

352 2291 452 2327 Haec
475 2292 615 2341 species
654 2305 726 2329 non
765 2292 962 2342 ambigitur.
1016 2291 1059 2326 Ei
1086 2293 1150 2326 Ar.
1180 2300 1379 2326 truncorum
1406 2286 1522 2323 Linn.
1552 2287 1676 2334 (quam
1700 2284 1798 2334 vide)

207 2349 461 2397 subjiciendam
488 2364 569 2388 esse
601 2351 721 2388 credo.
