2435 3188
719 292 799 333 312

666 402 769 445 Quae
797 399 826 436 si
853 398 937 434 nihil
960 411 1040 435 esse
1068 410 1258 435 censemus
1286 397 1351 433 nisi
1380 395 1537 432 ramulos
1563 396 1846 436 transformatos,
1874 395 1973 445 quod
1996 397 2079 443 jure
2105 396 2182 432 fieri
2209 396 2261 432 in-

666 460 717 496 fra
744 460 992 495 demonstrare
1017 457 1242 498 conabimur,
1270 455 1363 491 nulla
1400 467 1459 490 res
1496 454 1659 502 impedit,
1701 454 1785 503 quin
1825 453 1887 490 has
1914 455 2049 503 plantas
2075 454 2121 491 ad
2156 467 2261 491 unam

665 520 794 555 tribum
835 517 1043 553 referamus.
1096 515 1249 552 Accedit
1288 526 1433 563 quoque
1472 513 1570 562 quod
1602 525 1734 549 novum
1761 512 1846 548 illud
1883 526 2012 562 genus,
2042 515 2262 563 Piloplzorus,

668 578 766 627 quod
804 576 893 612 infra
933 588 1138 625 proponere
1178 573 1283 610 nobis
1308 573 1343 608 in
1380 572 1497 607 animo
1536 577 1603 613 est,
1646 584 1717 607 non
1746 570 1866 607 habitu
1893 573 2025 614 solum,
2054 573 2120 609 sed
2157 572 2260 608 etiam

668 635 932 672 characteribus
958 634 1049 670 inter
1075 633 1137 669 has
1165 632 1258 668 adeo
1286 636 1339 666 est
1364 630 1538 672 medium,
1575 635 1610 666 ut
1642 629 1748 666 dubia
1777 642 1863 666 sane
1890 636 2047 673 moveat,
2074 637 2189 668 utrum
2217 631 2263 667 ad

673 697 918 733 Cladomtarum
948 706 992 729 an
1023 693 1314 729 Stereocaulorum
1339 688 1469 725 tribum
1496 689 1725 725 referendum
1753 689 1806 724 sit.

817 786 919 821 Haec
944 785 1050 830 igitur
1074 797 1094 820 e
1118 782 1312 833 generibus
1340 783 1650 825 Stereocaulorum,
1674 782 1935 832 Piloplzororum
1959 786 1995 818 et
2020 782 2263 818 Cladomssarum

670 858 689 880 a
714 849 838 880 natura
863 844 938 893 ipsa
961 832 1153 879 constituta
1191 841 1302 877 tribus
1331 841 1489 877 lichenes
1517 840 1779 889 complectitur,
1808 840 1882 890 qui,
1912 840 2010 889 quod
2051 840 2097 876 ad
2121 840 2264 877 thallum

669 904 803 945 attinet,
842 903 933 938 inter
970 902 1103 950 optime
1131 900 1296 936 evolutos
1322 899 1478 936 habendi
1506 904 1595 935 sunt.
1650 899 1705 934 Eo
1733 899 1878 948 quidem
1905 900 2076 948 progredi
2105 911 2178 935 uon
2205 912 2266 935 au-

671 962 815 1004 demus,
854 966 904 1002 ut,
941 961 1013 996 Cel.
1042 960 1302 996 MASSALONGO
1343 964 1551 1008 sequentes,
1592 957 1658 994 hos
1703 970 1769 1007 pro
1801 957 2067 1006 perfectissimis
2106 958 2265 994 omnium

671 1021 911 1061 declaremus,
954 1019 1034 1068 quia
1073 1018 1180 1054 thallo
1217 1023 1252 1054 et
1287 1018 1440 1054 foliaceo
1481 1023 1516 1053 et
1556 1017 1765 1053 fruticuloso
1807 1017 1876 1052 sint
1902 1017 2066 1065 praediti,
2094 1017 2159 1054 sed
2191 1017 2264 1053 Cel.

668 1080 882 1116 Kormmmo
923 1084 1040 1114 tamen
1082 1077 1312 1119 assentimur,
1340 1077 1382 1113 iis
1409 1081 1490 1125 post
1520 1078 1702 1112 Usneaceos
1728 1076 1847 1112 locum
1876 1075 2052 1112 tribuenti.
2105 1076 2267 1113 Fructifi—

669 1138 846 1174 cationem
873 1142 991 1173 autem
1019 1137 1049 1172 si
1075 1136 1302 1185 respicimus,
1330 1136 1438 1185 longe
1465 1135 1625 1171 inferiori
1653 1135 1766 1185 'gradu
1793 1147 1898 1184 quam
1926 1134 1960 1170 hi
1989 1139 2070 1171 sunt
2088 1135 2268 1172 collocan-

670 1198 714 1233 di.
768 1198 827 1233 Ex
865 1196 931 1232 hac
969 1208 1008 1231 re
1044 1195 1222 1245 sequitur,
1250 1195 1279 1231 si
1306 1195 1341 1231 in
1376 1194 1571 1244 generibus
1606 1193 1840 1243 disponendis
1876 1194 2032 1230 maxima
2059 1194 2112 1230 vis
2138 1195 2266 1231 merito

669 1256 775 1293 thallo
794 1255 966 1297 tribuitur,
999 1255 1180 1291 Usneaceos
1208 1254 1441 1303 principatum
1471 1258 1595 1289 tenere
1625 1258 1660 1289 et
1689 1254 1927 1290 Cladom'aceos
1953 1253 2122 1302 proximo
2141 1253 2268 1290 ordine

669 1315 773 1365 sequi
799 1327 949 1351 necesse
977 1327 1074 1356 esse3
1095 1313 1125 1349 si
1140 1318 1257 1349 autem
1274 1318 1420 1348 naturae
1436 1313 1548 1363 magis
1571 1317 1625 1349 est
1647 1316 1944 1353 consentaneum,
1962 1311 2148 1361 apothecia
2166 1325 2269 1361 prae-

671 1374 774 1423 cipue
801 1373 945 1422 respici,
972 1373 1051 1409 illos
1076 1372 1183 1408 seriei
1206 1371 1401 1421 apotheciis
1427 1372 1694 1413 Parmeliaceis,
1710 1371 1777 1407 hos
1792 1371 1993 1407 Lecidineis
2010 1371 2158 1421 insignis
2174 1372 2269 1422 prin-

671 1433 769 1482 cipes
795 1432 944 1468 ceuseri.
975 1455 1019 1459 —
1047 1431 1136 1468 Illud
1163 1431 1193 1467 si
1215 1431 1381 1473 facimus,
1418 1431 1484 1467 hae
1511 1431 1651 1480 plantae
1685 1432 1828 1479 affines,
1853 1430 1882 1466 si
1909 1430 1987 1472 hoc,
2016 1432 2184 1478 analogae
2207 1430 2269 1467 ha-

672 1492 812 1528 bendae
849 1498 945 1528 sunt:
987 1495 1102 1527 utrum
1141 1490 1184 1526 sit
1219 1490 1367 1531 rectius,
1409 1490 1606 1538 dijudicent
1647 1490 1720 1531 alii,
1747 1489 1865 1539 quiin
1892 1488 1958 1525 hac
1990 1502 2029 1526 re
2053 1489 2165 1540 magis
2202 1490 2269 1526 sint

670 1551 808 1587 versati.
861 1551 1035 1586 Omittere
1063 1554 1180 1585 tamen
1207 1562 1280 1585 nou
1308 1562 1517 1598 possumus,
1547 1549 1781 1585 differentiam
1808 1549 1899 1584 inter
1929 1550 2111 1585 Usneaceos
2134 1554 2168 1585 et
2190 1550 2269 1586 Cla-

671 1613 843 1646 doniaceos
876 1622 994 1658 neque
1025 1614 1094 1645 tam
1122 1608 1284 1645 stabilem
1312 1621 1393 1644 esse
1420 1621 1539 1657 neque
1566 1613 1712 1650 tantam,
1742 1613 1870 1657 quanta
1897 1607 2004 1657 vulgo
2031 1608 2065 1644 in
2092 1606 2191 1644 libris
2218 1614 2271 1644 est

672 1669 855 1718 proposita
883 1674 917 1704 et
943 1682 963 1704 e
994 1668 1185 1716 speciebus
1224 1667 1424 1716 Europaeis
1461 1667 1618 1708 videtur,
1659 1667 1724 1703 sed
1751 1667 1873 1703 formis
1900 1666 2119 1703 intermediis
2144 1679 2211 1703 eos
2236 1681 2269 1703 a—

673 1729 743 1764 deo
773 1728 971 1768 confluere,
1001 1734 1037 1763 ut
1061 1726 1188 1762 ultimis
1216 1739 1362 1775 quoque
1387 1726 1487 1762 annis
1517 1727 1760 1762 Usneaceorum
1787 1726 1926 1775 species
1956 1739 2021 1774 pro
2044 1728 2271 1763 Stereocaulis

671 1787 740 1823 sint
767 1786 905 1822 habitae
932 1791 966 1822 et
993 1786 1068 1821 fere
1096 1785 1172 1821 sola
1196 1797 1280 1820 vera
1309 1785 1507 1821 differentia
1533 1786 1567 1821 in
1596 1785 1792 1834 apotheciis
1821 1787 2064 1821 Usweaceorum
2091 1785 2270 1834 subpelta-

672 1848 715 1884 tis
742 1857 886 1894 semper
913 1845 1024 1893 planis
1052 1850 1085 1880 et
1117 1844 1415 1881 Cladonmceorum
1433 1856 1520 1880 mox
1538 1844 1781 1893 cephaloideis
1800 1845 2006 1893 reperiatur.
2034 1845 2123 1880 Cum
2140 1845 2271 1894 Sphae-

674 1906 900 1954 rophoroideis
927 1910 1044 1940 autem
1073 1903 1120 1939 ob
1149 1903 1298 1938 formam
1329 1902 1423 1938 thalli
1454 1903 1676 1952 modumque
1704 1904 1890 1940 crescendi
1921 1916 1989 1939 nec
2014 1915 2087 1939 non
2114 1903 2269 1939 habitum

673 1968 933 2013 congruentem
975 1968 1070 1998 certa
1109 1962 1211 1998 adest
1252 1961 1432 2010 analogia,
1463 1968 1498 1998 et
1523 1962 1615 1998 inter
1640 1963 1754 1999 varias
1783 1964 1965 2012 utriusque
1992 1962 2104 1998 tribus
2130 1963 2272 2011 species

673 2022 866 2059 similitudo
894 2026 1010 2058 exstat
1039 2021 1122 2057 satis
1147 2020 1288 2057 eximia.

821 2112 871 2148 At
910 2111 998 2147 haec
1040 2111 1225 2152 hactenus;
1251 2112 1325 2157 jam
1362 2110 1406 2145 ad
1445 2122 1594 2160 genera,
1624 2111 1669 2147 de
1708 2111 1838 2160 quibus
1864 2110 1934 2146 hoc
1963 2110 2045 2146 loco
2076 2110 2271 2162 quaeritur,

673 2171 889 2224 speciesque
913 2182 1038 2206 eorum
1069 2168 1327 2208 describendas
1354 2173 1389 2204 et
1410 2168 1608 2205 limitandas
1635 2182 1702 2206 nos
1731 2174 1991 2211 convertamus,
