2435 3188
1618 268 1697 308 269

161 387 234 408 cum
262 374 433 409 Fumaria
457 372 631 420 officinuli
655 386 682 407 v.
699 371 912 419 floribunda
931 372 1157 414 confundisse,
1186 372 1273 420 quod
1289 374 1384 407 etiam
1400 373 1609 409 conlirinatur
1623 388 1663 409 ex
1678 375 1751 409 lier-

162 433 268 473 bario,
297 433 327 466 in
357 444 422 479 quo
456 432 546 478 cogit
571 437 604 466 et
626 445 736 466 veram
764 431 970 466 Fumarmm
1008 432 1230 478 clensg'florum
1266 431 1298 480 (
1292 432 1499 467 Fumarium
1526 433 1753 468 micrmztlmm

159 489 258 538 Lag.)
284 496 317 525 et
339 490 422 524 hanc
440 491 629 525 varietatem
645 491 835 525 Fumaziae
864 491 1065 538 officinalis.
1121 489 1187 525 Hic
1213 504 1306 525 error
1332 497 1450 538 postea
1476 497 1540 524 tam
1567 491 1623 525 fuit
1649 491 1753 526 divul-

159 555 262 597 gatus,
291 554 325 583 ut
351 562 436 583 nunc
462 548 502 582 ad
528 549 753 584 confusionem
787 549 970 584 evitandam
998 562 1117 584 nomen
1153 550 1343 584 »Fumaria
1370 549 1578 595 densislora«
1619 552 1752 584 omnino

161 608 312 654 rejiciam,
338 609 529 655 praesertim
555 620 629 642 cum
655 607 719 642 hoc
746 614 897 656 tempore
935 621 1054 643 nomen
1082 622 1099 643 a
1125 607 1287 658 Lagasca:
1313 607 1450 643 eaedem
1483 609 1608 655 speciei
1643 608 1751 643 datum

160 680 175 702 a
201 666 367 714 plerisque
394 667 569 714 probatum
596 666 698 701 suerit.

305 751 389 788 Obs.
416 752 474 788 ΙΙΙ.
529 753 700 789 Fumaria
730 754 920 802 officinalis
940 768 967 788 v.
992 755 1156 789 scandens
1183 753 1319 789 {loribus
1334 754 1401 788 suis
1415 754 1535 801 parvis,
1562 753 1678 789 albidis
1702 754 1752 789 vel

159 812 256 847 dilate
282 813 405 854 roseis,
443 812 602 848 fructibus
641 814 768 860 magnis
806 814 836 848 in
870 814 1009 848 racemis
1037 815 1173 856 erectis,
1207 813 1344 853 strictis,
1382 812 1532 847 soliorum
1561 813 1645 848 lobis
1672 813 1752 855 latis,

158 872 292 913 obtusis,
319 885 477 906 mucrone
505 872 669 907 instructis
697 878 729 907 et
760 878 827 906 toto
857 886 917 907 suo
951 872 1062 907 habitu
1089 879 1139 908 est
1171 885 1252 921 prae
1286 872 1405 906 ceteris
1438 872 1573 919 insignis
1603 872 1751 913 varietas,

158 943 240 978 quae
265 931 375 978 potius
402 943 497 977 quain
533 931 595 966 ulla
628 931 687 966 alia
721 944 783 979 pro
815 933 928 981 specie
955 931 1104 967 distincta
1131 945 1148 966 a
1176 932 1362 979 specierum
1402 944 1560 966 novarum
1595 931 1750 966 studiosis

157 988 268 1024 haberi
293 995 419 1037 posset.

609 1060 651 1101 2.
713 1062 899 1101 Fumaria
931 1061 1137 1116 teum'slora
1169 1060 1295 1101 Fries.

299 1157 337 1193 F.
365 1157 537 1194 fructibus
556 1156 788 1194 subrotundis
813 1157 950 1193 obtusis
977 1170 1057 1193 cum
1082 1156 1295 1193 mucronulo
1318 1156 1748 1205 tulmrculato-r11gulosis,

155 1214 281 1263 sepalis
317 1216 649 1252 ovato—lanceolatis
675 1215 882 1252 acuminatis
918 1216 1139 1252 denticulatis
1168 1216 1304 1252 corolla
1330 1216 1409 1265 plus
1443 1215 1547 1264 triplo
1575 1215 1749 1251 breviori-

154 1273 220 1310 bus
241 1275 392 1324 ejusque
417 1275 504 1311 tubo
529 1275 809 1325 angustioribus,
838 1275 991 1311 bracteis
1019 1287 1124 1324 quam
1154 1274 1338 1323 pedicellis
1375 1274 1564 1311 fructiferis
1604 1282 1750 1311 erecto—

154 1333 352 1381 patentibus
380 1334 488 1383 duplo
514 1334 749 1377 brevioribus,
777 1334 944 1370 foliorum
970 1333 1104 1370 laciniis
1131 1333 1335 1369 lanceolatis
1362 1333 1485 1382 planis.

154 1424 324 1461 Fumaria
350 1428 538 1474 termfflom
564 1427 662 1463 Fries
685 1427 790 1463 Herb.
822 1428 917 1463 1826
945 1434 977 1463 et
1004 1428 1065 1463 sub
1093 1428 1239 1463 anar.
1266 1428 1364 1475 qffic.
1390 1426 1488 1463 Fries
1515 1427 1599 1462 Now.
1620 1426 1673 1474 fl.
1703 1441 1746 1461 ευ.

227 1489 353 1534 4828177.
370 1491 440 1522 221.
471 1486 606 1523 Gareke
621 1487 677 1523 Fl.
692 1488 774 1523 Hal.
790 1492 860 1536 2)st
873 1489 932 1522 187
948 1493 979 1522 et
994 1488 1024 1521 in
1044 1487 1209 1522 Zeitsclzr.
1225 1488 1267 1534 f.
1295 1488 1326 1522 d.
1343 1487 1503 1522 Naturw.
1520 1488 1608 1522 1856.
1619 1500 1659 1534 p.
1674 1488 1748 1522 505.

154 1554 324 1590 Fumaria
358 1556 528 1603 PVirtgeni
555 1557 656 1593 Koch
683 1558 767 1605 Syn.
791 1558 837 1603 fl.
865 1572 973 1605 germ.
1003 1566 1037 1594 et
1061 1557 1141 1593 Icelo.
1171 1559 1218 1593 ed.
1240 1562 1318 1606 ep.
1345 1562 1419 1593 1018
1446 1571 1478 1606 p.
1498 1572 1529 1606 p
1556 1570 1619 1593 nec
1645 1558 1746 1606 ipsius

225 1612 394 1662 Wirtgeni
417 1617 461 1664 pl
485 1629 554 1652 exs.
582 1630 648 1652 sec.
675 1615 820 1654 Garcke.

155 1688 245 1724 Icon.
298 1688 425 1726 Nostra
453 1692 517 1726 tab.
547 1690 572 1728 I.

154 1780 302 1818 Habitat
324 1781 359 1817 in
385 1781 473 1818 locis
501 1781 602 1818 cultis
629 1783 857 1824 Germaniae,
885 1786 922 1818 ut
949 1781 994 1818 ad
1018 1781 1242 1818 Moselwciss
1270 1792 1386 1829 prope
1412 1779 1572 1816 Coblenz
1599 1780 1747 1830 (Koch)

229 1839 322 1875 circa
364 1840 512 1890 Leipzig
545 1841 659 1892 (herb.
688 1843 825 1892 Fries.)
862 1841 1051 1890 multisque
1073 1841 1148 1876 aliis
1172 1841 1261 1876 locis
1288 1840 1452 1890 (Gar-cke
1478 1839 1498 1875 l.
1517 1843 1563 1887 e.)
1589 1851 1745 1874 necnon

231 1897 378 1935 Sveciae
404 1900 646 1937 meridionalis
673 1901 706 1936 in
736 1901 919 1950 provincia
946 1900 1077 1937 Scania
1100 1900 1227 1950 (Fries
1254 1908 1288 1936 et
1311 1913 1355 1934 ex
1381 1899 1521 1948 exempl.
1547 1913 1570 1933 α
1600 1899 1746 1945 Lessing

228 1957 308 1993 lecto
331 1964 367 1993 in
391 1959 479 1995 herb.
506 1974 590 1996 mus.
611 1962 761 1996 Berolz'n.

301 2029 423 2065 Radix
450 2044 564 2072 annua,
591 2030 731 2078 gracilis.
791 2029 909 2065 Catulis
930 2034 1059 2064 erectus
1086 2028 1139 2063 vel
1163 2026 1389 2075 procumbens
1416 2031 1448 2060 et
1475 2025 1619 2067 diffusus,
1642 2039 1744 2073 angu-

155 2086 246 2129 latus,
272 2101 430 2131 ramosuS,
458 2089 597 2137 gracilis.
648 2090 750 2125 Folia
778 2102 819 2125 ex
846 2088 977 2136 petiolis
1006 2089 1141 2136 trigonis
1169 2086 1433 2134 bipinnatisecta‚
1475 2084 1598 2119 laciniis
1637 2085 1743 2132 longis

155 2144 342 2182 lanceolatis
372 2149 425 2183 vel
451 2149 762 2189 linearilanceolatis,
793 2149 905 2189 acutis,
932 2147 1054 2195 planis3
1082 2145 1195 2194 petioli
1222 2144 1406 2180 secundarii
1439 2156 1541 2190 saepe
1575 2149 1649 2178 sunt
1682 2145 1743 2178 cir-

156 2203 450 2242 rhoso-convoluti.
502 2207 644 2243 Rae-emi
668 2207 897 2256 oppositisolii,
926 2207 1025 2253 longe
1052 2204 1277 2253 pedunculati‚
1302 2202 1482 2243 multiflori‚
1511 2202 1632 2236 evoluti
1667 2203 1743 2244 laxi;

155 2263 307 2310 pedicelli
320 2265 473 2301 fructiferi
493 2273 785 2315 erecto-patentes,
810 2265 1013 2313 longiusculi,
1042 2264 1230 2299 tenuissimi.
1285 2262 1455 2296 Bracteae
1482 2260 1744 2297 albo—virescen-

158 2326 216 2362 tes,
244 2322 451 2367 lanceolatae‚
488 2327 698 2367 nominatae,
736 2325 901 2374 pedicello
942 2324 1106 2360 fructifero
1134 2322 1236 2370 duplo
1269 2321 1450 2356 breviores.
1504 2319 1624 2354 Flores
1652 2322 1744 2368 parvi

157 2378 369 2428 (Fumariae
395 2384 583 2430 qfficinalis
609 2385 779 2433 minores),
805 2385 1034 2433 angustissimi,
1061 2381 1253 2422 albo-rosei,
1280 2381 1375 2428 apice
1401 2380 1623 2422 obscuriores,
1650 2386 1743 2428 peta-

159 2437 197 2472 lis
224 2445 310 2475 arcte
330 2441 580 2478 cohaerentibus
605 2445 760 2479 instructi.
815 2444 943 2493 Sepala
967 2441 1085 2484 albida,
1112 2439 1420 2480 ovato-lanceolata,
1451 2439 1641 2480 acuminata,
1662 2438 1742 2474 den-

161 2496 297 2539 ticulata,
330 2500 450 2534 corolla
482 2501 555 2548 plus
589 2502 685 2550 triplo
725 2503 877 2538 breviora
915 2502 1058 2549 (calcare
1086 2501 1253 2546 breviora)
1287 2500 1425 2547 ejusque
1451 2498 1530 2532 tubo
1556 2499 1743 2545 angustiora

161 2553 357 2601 (pedicellos
382 2558 544 2594 latitudine
570 2573 684 2608 parum
711 2563 923 2610 superantia).
979 2560 1138 2596 Petalzcm
1164 2563 1321 2607 superius
1346 2571 1419 2593 cum
1447 2557 1574 2592 calcare
1589 2557 1743 2604 elongato

162 2612 400 2658 albo-roseum,
435 2619 528 2666 apice
562 2631 703 2666 superne
730 2620 866 2666 gibbum
907 2619 1044 2654 viridem
1082 2618 1197 2660 habet,
1234 2618 1289 2665 qui
1326 2616 1526 2664 marginibus
1553 2615 1744 2656 latiusculis,

1523 2681 1594 2715 341„
