2435 3188
702 257 757 296 78

650 362 735 397 tibiis
762 369 794 397 et
820 363 1003 397 metatarsis
1029 368 1202 410 praeterea
1230 362 1348 397 annulo
1376 361 1486 396 medio
1514 361 1618 396 fusco
1684 361 1906 397 Abdomen
1932 373 2076 408 superne
2105 360 2255 395 cinereo-

648 426 841 463 testaceum,
861 422 989 469 pictura
1017 421 1085 456 sere
1120 427 1156 456 ut
1181 423 1212 456 in
1237 421 1282 455 E.
1311 419 1538 461 schreibersii,
1576 421 1738 456 albicanti.
1791 419 1914 455 Differt
1940 425 2063 454 tantum
2090 419 2254 466 triangulo

648 479 702 514 illo
726 481 755 514 in
783 493 859 515 area
887 480 1179 516 ante—tuberculari
1223 481 1253 514 in
1295 479 1404 514 medio
1441 481 1583 528 abrupto
1613 481 1671 527 (ita
1705 486 1739 514 ut
1775 492 1862 527 apex
1890 480 1981 525 ejus,
2024 479 2094 513 sive
2122 477 2255 515 surcula.

649 541 744 584 cujus
772 552 872 586 supra
899 540 1114 579 meminimus,
1142 539 1244 573 libera
1275 539 1341 586 sit),
1370 539 1442 573 basi
1467 538 1609 580 dilatato,
1635 539 1764 587 angulis
1792 552 1909 574 versus
1936 537 2105 572 tubercula
2141 537 2256 571 hume-

650 599 727 632 ralia
755 598 937 646 productis.
991 597 1081 633 Area
1106 598 1417 632 ante—tubercularis
1443 611 1558 645 parum
1587 598 1746 633 infuscata
1777 603 1843 632 est:
1871 598 1964 643 regio
1992 596 2132 631 lateralis
2155 609 2254 643 supe-

649 659 715 692 rior
745 658 860 693 subter
886 663 918 691 et
943 670 1031 704 pone
1055 656 1226 690 tubercula
1249 658 1385 692 maculis
1411 658 1512 693 fuscis
1540 658 1675 705 oblique
1702 657 1872 704 dispositis
1902 657 1944 690 ab
1973 655 2125 690 inferiore
2150 655 2255 689 abdo-

650 719 736 752 mine
752 717 943 763 sejungitur,
968 715 1028 750 sed
1043 717 1149 749 minus
1165 728 1336 763 expresse,
1352 729 1449 763 quam
1475 718 1506 751 in
1531 717 1576 751 E.
1594 715 1814 756 schreibersz‘i,
1839 717 1949 750 vittam
1975 714 2082 749 refert.
2135 712 2255 749 Latera

650 782 776 811 ventris
803 782 958 815 testacea,
986 774 1283 821 fusco-variegata·‚
1324 775 1468 810 medium
1496 778 1578 823 ejus,
1611 790 1700 824 pone
1731 777 1910 824 epigynen‚
1946 774 2185 821 triangulariter
2210 774 2253 807 ni-

651 849 756 881 grum,
781 834 915 869 maculis
941 833 1071 868 duabus·
1101 833 1202 868 ssavis.
1256 832 1313 868 Ad
1343 835 1501 870 mamillas
1530 848 1665 884 quoque
1693 835 1787 870 adest
1812 834 1939 869 macula
1966 834 2117 880 utrinque
2140 832 2231 866 flava.

1570 894 1576 905 .

800 925 915 960 Variat
942 925 1044 959 multo
1073 925 1258 966 obscurior,
1282 932 1376 973 parte
1404 927 1573 975 cephalica
1599 929 1669 964 sere
1692 934 1759 963 tota
1790 928 1890 969 fusca,
1916 927 2109 975 praesertim
2128 928 2258 974 postice

653 997 759 1032 usque
787 984 829 1019 ad
855 984 985 1019 foveam
1025 984 1201 1026 dorsalem,
1244 985 1395 1020 tibiarum
1441 993 1595 1034 quattuor
1635 989 1836 1035 posticarum
1880 987 1998 1021 annulo
2041 986 2150 1021 medio
2184 999 2259 1020 curn

652 1045 785 1091 nigrore
811 1044 913 1078 basali
940 1043 1090 1083 confuso,
1114 1043 1311 1079 mandibulis
1338 1047 1414 1081 totis
1438 1046 1664 1094 nigro—fuscis,
1691 1047 1869 1082 abdomine
1885 1045 2105 1093 nigro-fusco,
2133 1047 2259 1093 pictura

653 1102 908 1145 fusco-cinerea,
936 1104 1042 1138 minus
1069 1116 1240 1151 expressa.

805 1194 954 1230 Habitat
979 1194 1014 1229 in
1042 1195 1158 1230 Italia.
1229 1194 1314 1230 Duo
1352 1199 1485 1230 tantum
1522 1195 1691 1244 exempla
1728 1196 1912 1245 possideo,
1952 1196 1989 1231 in
2025 1195 2148 1244 spiritu
2191 1195 2263 1230 vini

655 1258 844 1295 asservata,
875 1266 1029 1302 quorum
1058 1266 1167 1289 unum
1193 1253 1286 1290 inter
1315 1254 1468 1290 Romam
1497 1259 1532 1290 et
1559 1255 1676 1291 Tibur
1701 1255 1736 1291 in
1765 1268 1853 1304 sepe
1881 1255 1960 1291 viva
1991 1254 2135 1296 offendi,
2178 1254 2262 1290 alte-

654 1325 732 1348 rum
757 1313 791 1348 in
817 1313 949 1349 Amalfi
979 1325 1048 1348 una
1076 1325 1157 1348 cum
1184 1313 1225 1349 E.
1254 1312 1482 1349 schreibersii
1506 1313 1585 1363 legi.
1611 1336 1656 1341 —
1683 1314 1774 1350 Satis
1799 1314 1894 1350 bene
1920 1314 1954 1350 in
1984 1313 2074 1350 hanc
2104 1313 2263 1362 speciem

656 1371 749 1407 cadit
775 1371 969 1420 descriptio
998 1373 1066 1422 Ep.
1098 1378 1213 1419 regiae
1239 1371 1394 1414 Koch„
1421 1385 1532 1421 quare
1559 1372 1628 1408 hoc
1657 1385 1791 1409 nomen
1819 1373 1997 1422 usurpavi.

884 1550 943 1598 Sp.
972 1550 1003 1584 2.
1058 1550 1220 1585 Araneus
1246 1548 1582 1587 DIADEMATUS.
1612 1564 1644 1599 p.
1673 1552 1732 1588 25.
1759 1551 1809 1587 Pl.
1842 1555 1871 1588 1.
1901 1552 1970 1588 tab.
2000 1554 2032 1587 4.

781 1642 843 1676 Syn.
870 1642 1002 1670 Aranea
1026 1642 1184 1671 diadema
1205 1644 1279 1670 Linn.
1302 1643 1372 1680 Syst.
1396 1643 1461 1671 Nat.
1485 1644 1535 1671 Ed.
1562 1647 1605 1672 10.
1629 1645 1650 1672 Ι.
1674 1654 1698 1681 p.
1724 1648 1795 1677 (5193
1820 1645 1869 1672 Ed.
1897 1649 1940 1673 12.
1964 1655 1987 1682 p.
2014 1648 2098 1672 103⁰.

1229 1695 1262 1719 id.
1307 1693 1392 1720 Faun.
1413 1693 1488 1721 Suec.
1512 1693 1561 1720 Ed.
1586 1697 1610 1721 2.
1634 1703 1660 1731 p.
1685 1697 1751 1721 485.

1209 1742 1285 1769 Fabr.
1310 1742 1371 1769 Eut.
1394 1742 1465 1779 Syst.
1488 1743 1524 1770 Π.
1548 1752 1573 1780 p.
1597 1746 1663 1771 2215.

1023 1790 1181 1827 crueiger
1209 1792 1245 1818 De
1267 1792 1338 1818 Geer.
1362 1791 1445 1819 Mem.
1469 1792 1533 1819 VH.
1556 1802 1580 1829 p.
1607 1795 1671 1820 218.
1695 1793 1729 1830 pl.
1757 1796 1799 1820 11.
1823 1793 1886 1829 figg.
1912 1796 1997 1820 3-8.

867 1839 992 1876 Epeira
1026 1839 1185 1867 diadema
1213 1841 1307 1867 xt'alck.
1330 1841 1385 1868 Ius.
1409 1843 1473 1878 Apt.
1496 1842 1533 1869 II.
1556 1852 1581 1879 p.
1608 1845 1651 1870 ¹29.

1098 1899 1111 1913 «
1210 1889 1291 1917 Sund.
1315 1891 1376 1918 Act.
1402 1891 1494 1918 Holm.
1520 1894 1603 1919 1832.
1627 1902 1652 1929 p.
1676 1894 1741 1919 235.

1096 1948 1109 1962 «
1210 1939 1293 1966 Halm.
1316 1940 1367 1967 Die
1391 1940 1507 1968 Arachu.
1530 1941 1567 1968 ΙΙ.
1591 1950 1616 1978 p.
1641 1944 1686 1968 22.
1708 1941 1753 1977 fig.
1780 1943 1843 1968 110.

1097 1997 1110 2011 «
1210 1989 1286 2016 Koch.
1309 1988 1373 2016 ibid.
1397 1989 1445 2016 XI.
1468 1999 1493 2026 p.
1522 1993 1583 2018 103.
1608 1990 1651 2026 fig.
1677 1993 1742 2017 910.

1214 2038 1305 2064 Ir'estr.
1333 2039 1390 2064 Aet.
1415 2038 1534 2066 Gotlinb.
1562 2042 1645 2066 18:31.
1668 2049 1694 2076 p.
1719 2043 1763 2067 33.

1126 2103 1292 2153 [ΕΡΕΙΒΑ
1321 2104 1577 2141 diademata
1604 2106 1808 2158 (Clerck.)]

811 2244 937 2280 Brevis
965 2244 1079 2280 oratio
1109 2244 1154 2281 de
1182 2244 1248 2281 hac
1276 2246 1408 2295 specie,
1438 2259 1530 2296 quae
1556 2247 1651 2284 bene
1679 2248 1821 2297 cognita
1842 2252 1896 2282 est
1921 2251 1956 2282 et
1986 2246 2169 2295 permultis
2185 2247 2274 2283 locis

668 2302 854 2351 descripta.
909 2303 960 2339 «ll
988 2303 1140 2340 faudrait
1180 2304 1268 2340 citer
1304 2305 1383 2354 plus
1422 2305 1468 2341 de
1495 2312 1578 2342 cent
1603 2312 1746 2342 auteurs
1773 2318 1867 2354 pour
1894 2305 2036 2341 donner
2062 2318 2133 2342 une
2161 2318 2273 2354 syno-

665 2360 789 2408 nymie
805 2362 984 2410 complete
1012 2363 1057 2399 de
1084 2367 1177 2399 cette
1204 2363 1426 2400 Araneide.»
1481 2365 1675 2413 (WALCK.)
1702 2387 1746 2392 —
1775 2364 2053 2401 Observandum
2076 2365 2187 2401 modo
2210 2370 2273 2407 est.

666 2431 800 2456 nomen
826 2422 904 2467 ejus
930 2421 1192 2463 Linnaeanum,
1220 2424 1291 2471 Ep.
1320 2425 1486 2465 diadema,
1515 2435 1730 2472 quamquam
1759 2436 1824 2459 usu
1849 2423 1968 2459 tritum
1995 2428 2058 2465 est,
2094 2428 2212 2460 tamen
2238 2423 2274 2459 in

668 2479 738 2527 Ep.
769 2480 1000 2515 diadematmn
1030 2493 1111 2516 esse
1141 2481 1360 2523 mutandum,
1389 2494 1497 2530 quum
1514 2481 1742 2524 hoenomen,
1769 2495 1789 2518 a
1816 2484 2008 2519 Cmncmo
2033 2482 2163 2518 datum.
2187 2482 2274 2518 anti-

669 2536 773 2585 quius
800 2537 849 2573 sit.
887 2560 931 2564 —
963 2540 1032 2587 Ep.
1062 2539 1198 2575 stellata
1235 2539 1373 2576 Koch.
1416 2540 1504 2587 (Die
1531 2540 1687 2577 Arachn.
1713 2541 1773 2577 XI.
1802 2554 1833 2589 p.
1869 2543 1944 2578 105.
1975 2542 2030 2591 fig.
2062 2542 2162 2589 911.)
2190 2540 2274 2577 nihil

667 2595 733 2631 nisi
758 2594 864 2643 hujus
891 2596 1042 2633 varietas
1069 2610 1150 2633 esse
1177 2597 1326 2634 videtur.
