2435 3188
1648 274 1729 314 359

167 396 253 431 quae
270 383 460 430 dignitatem
476 382 676 430 specificam,
704 394 801 429 quam
818 395 928 429 neque
945 381 1105 416 affirmare
1121 394 1230 428 neque
1247 393 1370 428 negare
1389 380 1568 421 audemus,
1595 380 1668 414 huic
1695 380 1788 427 plan-

167 449 219 477 tae
245 443 435 477 vindicaret.
490 440 586 478 Quae
614 455 667 476 res
695 441 944 475 accuratissimo
986 454 1065 475 sane
1093 440 1191 487 (ligna
1223 446 1272 474 est
1301 439 1426 474 studio!
1457 461 1501 466 —
1536 440 1678 473 Podetia
1707 452 1787 473 con·

167 508 315 550 gregata,
341 500 432 534 1-3
453 512 524 533 unc..
543 499 614 540 alta,
646 505 792 534 tomento
820 499 1139 547 spongioso——molli,
1169 504 1276 532 aetate
1294 499 1415 545 passim
1439 504 1661 532 evanescente
1688 504 1784 531 tecta.

168 560 406 607 Phylloclmlm
435 560 463 592 in
495 559 595 592 sonna
628 570 659 592 οι.
691 572 826 606 semper
853 558 1048 605 granulosa,
1085 559 1222 597 mnnita,
1252 557 1507 591 conten-tissima:
1550 558 1579 591 in
1608 554 1643 596 β.
1673 557 1787 591 saltem

167 620 245 654 infra
273 618 414 652 medium
451 617 620 665 podetium
657 618 881 664 squamulosa.
942 616 1151 665 Ceplmlodia
1187 617 1306 663 prioris
1347 617 1471 650 similia.
1539 615 1729 663 Apothecia
1758 617 1786 649 in

166 691 197 713 α.
226 691 342 726 pauca,
368 677 657 723 ‹lilatatwpeltataz
688 678 716 710 in
744 674 780 716 β.
809 677 943 717 minora,
972 690 1074 723 saepe
1100 674 1250 709 lateralia.
1307 676 1390 709 Asci
1419 675 1683 710 inflato-clavati:
1711 688 1787 722 spo-

167 750 228 771 rae
255 739 363 784 (spec.
394 735 597 783 originalium
627 735 679 770 Sc.
709 735 846 783 alpini)
876 736 927 771 St.
951 740 1126 770 tomentosi
1156 734 1289 768 omnino
1318 734 1451 774 similes,
1477 735 1657 775 0‚0·22-—‘25
1686 748 1726 768 m.
1747 748 1787 767 m.

168 795 288 842 longae
314 802 346 829 et
374 795 574 834 (homo—22
604 808 643 828 m.
677 808 717 828 m.
747 794 839 828 latae.

321 866 420 901 Obs.
453 868 480 900 1.
537 865 649 903 Quum
688 865 759 901 Cel.
788 864 954 901 LAURER
991 877 1085 899 suum
1122 864 1359 912 St.alpi712em
1400 866 1596 912 proposuit,
1641 864 1787 899 nondum

166 926 334 961 inventurn
362 932 430 959 erat
457 922 493 964 β.
522 925 679 972 alpestre,
710 938 812 972 quare
842 930 989 963 nonest,
1017 923 1107 971 quod
1137 924 1301 964 miremur,
1330 924 1596 970 expertissimum
1624 925 1710 958 illum
1739 925 1786 958 vi-

167 998 238 1019 rum
266 998 357 1019 suam
388 985 535 1031 speciem
578 997 651 1018 cum
693 984 745 1019 St.
775 991 954 1018 tomenloso
983 996 1023 1017 ne
1063 996 1279 1030 comparasse
1309 982 1453 1029 quidem.
1525 982 1637 1020 Quum
1678 990 1786 1017 autem

167 1042 241 1078 Cel.
268 1043 452 1078 Fun-ow
481 1043 563 1077 hanc
590 1043 727 1077 sormam
758 1042 933 1089 detegeret
961 1047 993 1076 et
1017 1042 1057 1075 ad
1091 1042 1142 1076 St.
1173 1050 1393 1076 lomenlosum
1423 1041 1575 1083 referret,
1602 1044 1708 1077 statim
1738 1044 1785 1076 in-

167 1103 290 1137 tellexit
328 1102 412 1137 hanc
455 1116 554 1150 aegre
598 1115 702 1149 posse
735 1115 750 1135 a
780 1101 832 1137 St.
863 1101 981 1149 alpino
1011 1102 1160 1147 sejungi,
1194 1100 1254 1135 sed
1289 1106 1322 1134 ut
1358 1100 1568 1135 characteres
1597 1107 1788 1136 constantes

167 1162 286 1196 attulit:
323 1161 393 1196 »die
420 1161 588 1197 Kleinheit
613 1160 673 1195 der
691 1157 1021 1195 Tllallus-ktjrncben
1041 1160 1106 1194 und
1125 1160 1184 1194 der
1200 1159 1408 1194 zalilreiclien
1425 1159 1594 1195 seitlichen
1610 1159 1779 1195 Frticbte«

167 1233 229 1255 nec
256 1234 322 1254 non
355 1221 544 1268 squamulas
573 1220 744 1254 inferiores
767 1232 981 1266 compressas
1009 1220 1157 1265 margine
1183 1220 1469 1260 inciso-crenatas,
1497 1219 1557 1253 sed
1586 1221 1658 1267 ipse
1675 1220 1786 1267 paullo

166 1280 246 1314 infra
274 1279 369 1314 dicit:
405 1279 532 1314 »sterile
560 1277 762 1326 Exemplare
791 1277 862 1313 sind
894 1277 939 1312 ost
967 1291 1051 1325 ganz
1079 1278 1198 1325 kornig
1226 1277 1429 1319 lJekleidet«,
1459 1292 1561 1326 quare
1586 1278 1663 1313 huic
1688 1287 1786 1313 notae

166 1352 284 1387 magna
313 1340 361 1374 vis
388 1352 453 1373 non
486 1344 536 1373 est
564 1337 746 1373 tribuenda.
803 1336 947 1371 Ceterae
976 1343 1074 1372 notae
1103 1338 1156 1371 vix
1177 1336 1260 1371 illius
1290 1343 1365 1371 sunt
1394 1338 1562 1379 momenti,
1591 1345 1625 1372 ut
1654 1339 1788 1386 species

166 1399 296 1433 valeant
322 1411 508 1438 secernere,
537 1411 638 1445 quare
665 1411 731 1432 non
762 1395 994 1437 dubitavimus,
1024 1396 1074 1431 St.
1102 1396 1258 1444 alpinum
1288 1403 1321 1431 et
1346 1396 1398 1431 St.
1427 1404 1644 1431 tomentosum
1671 1396 1706 1438 β.
1734 1398 1786 1432 al-

159 1465 279 1506 pestre
312 1456 353 1491 ad
381 1471 476 1492 unam
506 1458 653 1504 speciem
693 1455 833 1495 referre,
879 1468 896 1489 a
931 1455 983 1489 Sc.
1016 1462 1197 1490 tomentum
1238 1456 1314 1490 loco
1355 1457 1512 1504 notisque
1553 1470 1652 1504 supra
1684 1456 1786 1491 allatis

167 1516 341 1551 diversam.
394 1515 526 1550 Formis
555 1517 639 1550 enim
667 1514 869 1549 intermediis
900 1520 1014 1561 aperte
1043 1514 1226 1556 confluunt,
1255 1527 1357 1562 quum
1391 1516 1475 1550 inter
1502 1515 1571 1551 illas
1600 1521 1632 1550 et
1658 1515 1710 1551 St.
1737 1524 1785 1550 to—

166 1584 352 1610 mentosum
382 1575 489 1610 adbuc
516 1574 619 1616 adest,
644 1574 966 1622 quantuluscumque
994 1579 1054 1615 est,
1082 1573 1193 1608 saltus.

317 1644 417 1681 Obs.
445 1647 477 1681 9..
532 1645 606 1680 Jam
634 1659 733 1693 supra
764 1645 938 1684 attulimus,
967 1644 1019 1679 St.
1049 1646 1258 1680 denudatum
1287 1659 1316 1688 Ὺ,
1347 1655 1563 1695 compactum
1592 1661 1695 1695 saepe
1723 1660 1785 1694 pro

174 1704 245 1740 »St.
272 1705 408 1753 alpino«
442 1705 460 1740 l.
500 1705 570 1741 »Sa
596 1704 768 1752 botryoso«
806 1705 900 1745 sumi,
928 1704 1118 1752 eodemque
1146 1704 1246 1738 modo
1274 1706 1380 1739 varias
1411 1706 1534 1741 l'ormas
1564 1708 1703 1740 minutas
1730 1706 1783 1741 St.

168 1764 368 1805 coralloztclis,
404 1764 583 1812 paschalis
616 1771 676 1799 etc.
722 1765 905 1798 nominatas
943 1763 1092 1797 vidimus.
1159 1762 1219 1798 Sic
1256 1777 1285 1797 v.
1317 1777 1345 1798 c.
1394 1764 1463 1799 »Sa
1491 1763 1704 1813 botryosumu
1754 1766 1785 1798 in

169 1820 306 1857 MOUG.
333 1830 365 1857 et
393 1822 533 1859 NESTL.
567 1822 621 1858 Cr.
656 1821 747 1869 Vog.
778 1822 844 1857 Rh.
872 1837 900 1857 n.
931 1822 1005 1856 466
1033 1823 1108 1857 nihil
1138 1823 1225 1857 aliud
1256 1829 1307 1857 est
1351 1836 1447 1870 quam
1488 1824 1539 1859 St.
1575 1825 1784 1859 denudatum

170 1879 415 1921 ss.wmmmm

321 1941 418 1976 Obs.
444 1941 476 1976 3.
532 1941 567 1976 In
601 1942 693 1977 herb.
731 1941 822 1976 Mus.
859 1940 972 1975 Holm.
1011 1940 1132 1975 adsunt
1171 1946 1313 1988 quatuor
1353 1943 1533 1989 specimina
1574 1943 1693 1976 minuta
1732 1942 1787 1974 uni

170 1999 301 2035 chartae
327 2000 430 2040 affixa,
459 2001 579 2048 quibus
607 2002 647 2036 ab
680 2001 858 2036 ACHAsslo
888 2001 962 2048 ipso
989 2006 1040 2035 est
1068 1999 1271 2047 adscriptum
1305 2000 1375 2035 »St.
1392 2000 1604 2048 botryosum«
1641 2007 1673 2035 et
1699 2013 1784 2047 quae

170 2072 245 2093 cum
275 2059 499 2107 descriptione
531 2060 737 2095 Acharianae
778 2062 903 2107 optime
939 2066 1136 2106 congruunt.
1204 2058 1258 2094 Ex
1299 2059 1349 2094 his
1385 2060 1451 2094 (luo
1489 2067 1564 2094 sunt
1603 2060 1783 2106 fragmenta

172 2119 277 2152 sterila
312 2119 361 2153 St.
391 2120 501 2167 alpini
526 2120 669 2166 granulis
700 2119 795 2153 valde
825 2119 1093 2166 conglomeratis,
1121 2119 1250 2152 tertium
1273 2125 1382 2153 autem
1411 2121 1524 2165 (etiam
1543 2119 1669 2166 sterile)
1698 2118 1783 2153 adeo

172 2183 223 2210 est
249 2190 415 2219 mancum,
451 2185 484 2212 ut
511 2180 569 2213 rite
598 2192 661 2213 non
696 2180 801 2226 possit
830 2178 1056 2218 determinari,
1091 2177 1151 2211 sed
1184 2178 1228 2211 ob
1257 2177 1391 2225 podetia
1425 2179 1558 2212 omnino
1587 2178 1784 2225 glaberrima

174 2235 226 2269 vix
254 2236 294 2269 ad
318 2236 401 2271 banc
430 2239 576 2284 speciem
606 2239 757 2284 pertinet.
823 2236 987 2274 Quartum
1020 2236 1163 2283 denique
1198 2237 1450 2284 speciminulnm
1480 2237 1663 2284 apotlieciis
1696 2250 1785 2285 sym-

174 2292 372 2341 phycarpeis
402 2298 495 2342 apice
524 2295 654 2331 abunde
695 2303 848 2331 onustum
886 2297 1069 2330 certissime
1105 2302 1156 2329 est
1194 2296 1361 2330 Cladonia
1398 2296 1543 2331 delicata
1573 2303 1605 2331 et
1632 2296 1673 2330 ad
1701 2296 1785 2330 lianc

176 2357 303 2397 spectat
330 2352 507 2401 descriptio
541 2355 792 2402 apotlieciorum
821 2356 850 2389 in
881 2356 1041 2402 operibus
1069 2354 1276 2389 Acliarianis.
1307 2376 1351 2380 —
1387 2355 1459 2390 »Sci
1486 2354 1698 2403 bots-yosum«
1736 2361 1785 2390 est

177 2409 272 2455 igitur
300 2413 428 2458 species
455 2427 470 2446 a
496 2415 597 2449 tribus
626 2415 676 2449 vel
702 2415 817 2450 saltem
846 2414 976 2449 duabus
1005 2415 1185 2461 speciebus
1212 2415 1412 2461 composita!

664 2525 753 2566 *St.
787 2527 1085 2579 mayelhme'cnm
1119 2526 1180 2565 Th
1227 2526 1291 2566 Fr.

328 2597 374 2633 St.
403 2600 553 2646 podetiis
579 2602 682 2638 valde
711 2603 931 2651 caespitosis,
960 2604 1037 2639 basi
1064 2603 1353 2646 adhaerentibus,
1381 2603 1593 2653 gracilentis,
1623 2607 1784 2639 tomento

177 2655 292 2692 denso
320 2655 602 2695 cinereo-albido
631 2661 746 2709 primo
772 2662 890 2704 tectis,
914 2662 997 2698 dein
1024 2663 1290 2712 glabriusculis3
1319 2662 1571 2712 phyllocladiis
1599 2661 1784 2702 confertis,
