2435 3188
683 256 764 298 292

628 370 711 399 cemz'
749 364 980 413 oppositisolii‚
1019 363 1150 399 floriferi
1187 363 1297 405 densi,
1336 362 1491 398 fructiferi
1531 362 1715 403 laxiusculi;
1755 362 1908 410 pedicelli
1943 360 2097 396 fructiferi
2128 362 2239 401 erecti,

628 424 735 459 fructu
762 424 830 459 sere
858 423 960 472 duplo
987 424 1166 470 longiores.
1220 423 1392 457 Bracteae
1420 420 1558 462 rubidae,
1585 433 1688 455 nervo
1710 423 1892 457 virescente
1907 420 2088 469 praeditae,
2113 420 2240 454 lineari-

629 483 847 524 lanceolatae‚
875 484 1092 522 acuminatae‚
1120 480 1292 528 peslicellis
1332 479 1504 514 fructiferis
1545 480 1841 526 sesquibrevioreS.
1905 480 2026 515 Flores
2054 478 2240 513 mediocres

632 542 840 586 (Fumarme
866 541 1057 589 qfficinalis
1078 540 1260 588 aequalesi,
1288 538 1407 586 pallide
1425 539 1574 579 violacei,
1602 539 1698 586 apice
1723 539 1880 574 intensius
1910 538 2057 573 violacei.
2112 537 2239 585 Sepala

631 613 649 636 e
674 601 745 636 basi
774 601 887 636 latiore
915 605 1071 640 truncata,
1100 599 1256 645 oblonga,
1284 598 1485 645 subintegra,
1516 603 1619 638 acuta,
1647 598 1791 633 corollae
1823 599 1902 633 tubo
1928 597 2002 645 plus
2032 596 2134 644 duplo
2161 597 2238 630 bre-

630 661 721 694 viora
750 673 890 707 eamque
928 658 1094 693 latitudine
1134 659 1315 705 aequantia.
1383 656 1547 692 Paralum
1574 662 1732 704 superias
1759 657 1879 705 pallide
1921 656 2114 695 violaceum,
2143 655 2238 702 apice

631 725 760 754 acutum
788 725 819 754 et
847 730 990 766 superne
1014 717 1118 764 gibbo
1146 717 1238 751 viridi
1266 719 1475 757 instructum,
1504 716 1597 762 cujus
1627 717 1790 763 margines
1818 716 1946 757 reflexi,
1979 716 2106 749 intense
2138 713 2240 748 viola-

631 779 696 819 cei,
721 791 883 813 summum
916 778 1044 824 apicem
1072 789 1137 811 non
1163 778 1331 823 attingunt.
1385 774 1549 810 Petalmn
1576 775 1726 819 ‘inferius
1753 775 1889 816 lineare,
1914 773 2241 814 subcanaliculatum‚

632 837 929 877 albo-violaceum,
968 836 1062 883 apice
1103 841 1233 869 acutum
1265 841 1298 870 et
1324 834 1448 869 inserne
1476 834 1579 881 gibbo
1620 833 1712 868 viridi
1751 834 1960 874 instructum,
1989 834 2043 880 qui
2076 833 2241 880 margines

631 896 732 932 habet
760 896 1011 944 angustissimos
1039 900 1186 935 erectos,
1214 907 1376 928 summum
1405 895 1532 941 apicem
1558 906 1622 927 non
1655 894 1862 939 attingentes.
1918 892 2041 927 Petalen
2069 892 2242 939 iqferiora

633 956 756 996 albida,
788 956 882 1003 apice
916 956 1043 989 intense
1082 953 1228 987 violacea
1257 960 1289 988 et
1319 952 1598 1000 longitudinaliter
1627 953 1836 992 tri-carinata,
1864 965 1880 986 a
1909 951 2019 986 medio
2044 952 2083 985 ad
2112 953 2240 999 apicem

633 1029 762 1050 sursum
791 1021 931 1049 curvata.
984 1013 1140 1047 Fructus
1167 1025 1289 1060 parvus
1320 1013 1487 1057 (minimus
1503 1013 1651 1059 generis)
1677 1010 1849 1052 ovoideus‚
1875 1023 1990 1058 parum
2017 1023 2242 1058 compressus,

634 1074 863 1114 acutiusculus,
891 1073 1001 1113 laevis,
1030 1073 1125 1119 apice
1149 1071 1379 1106 bifoveolatus.

784 1168 983 1214 Descriptio
1010 1179 1050 1199 ex
1079 1165 1190 1199 Bois-s.
1225 1165 1245 1199 l.
1275 1178 1301 1199 c.
1322 1178 1393 1213 pro
1415 1165 1469 1213 pl.
1493 1178 1550 1213 μ,
1584 1172 1617 1199 et
1649 1165 1700 1199 ad
1721 1164 1899 1213 esemplar
1925 1165 2182 1213 imperfectum,
2220 1178 2242 1198 α

634 1228 787 1262 Boissier
813 1227 950 1265 (latum,
979 1231 1014 1259 m
1040 1222 1130 1258 lzerb.
1158 1223 1269 1259 Fries.

1040 1381 1112 1422 16.
1174 1382 1365 1421 Fumaria
1396 1379 1670 1434 macrosepala
1701 1378 1833 1418 Boiss.

787 1485 825 1521 F.
859 1483 1033 1520 fructibus
1072 1481 1306 1519 subrotundis
1347 1479 1484 1517 obtusis
1530 1479 1787 1516 mucronulatis
1824 1479 1958 1516 minute
1994 1479 2243 1524 tuberculatis,

637 1544 768 1594 sepalis
811 1544 978 1580 maximis
1021 1542 1134 1578 ovatis
1178 1541 1290 1577 acutis
1332 1539 1549 1589 subintegris
1589 1539 1761 1574 corollam
1800 1539 1981 1575 dimidiam
2022 1538 2244 1589 longitudine

636 1603 871 1653 aequantibus
910 1604 1062 1651 ejusque
1099 1600 1187 1636 tubo
1229 1600 1305 1636 sere
1347 1598 1457 1648 duplo
1498 1597 1691 1639 latioribus,
1732 1598 1886 1635 bracteis
1916 1598 2092 1647 pedicello
2123 1598 2243 1635 fructi-

635 1663 714 1699 fero
754 1665 1053 1710 erecto-patente
1092 1658 1406 1700 subbrevioribus,
1448 1657 1614 1693 foliorum
1647 1657 1783 1693 laciniis
1825 1657 1934 1693 ovatis
1970 1657 2026 1693 vel
2065 1658 2244 1695 sublinea-

635 1723 744 1759 ribus.

637 1817 810 1853 Fumaria
850 1814 1086 1863 macrosepala
1126 1811 1242 1848 BOiSS.
1282 1811 1422 1846 Elenclz.
1458 1825 1509 1846 mo
1535 1814 1555 1847 7
1582 1826 1622 1861 p.
1649 1816 1669 1847 8
1695 1826 1737 1846 ex
1763 1811 1903 1860 exempl.
1937 1816 1972 1846 in
2004 1810 2094 1847 herb.
2129 1812 2241 1848 Fries.

713 1874 839 1911 Parlat.
869 1875 963 1909 Mon.
991 1873 1092 1908 Fum.
1125 1878 1160 1907 in
1183 1877 1294 1918 giorn.
1322 1870 1383 1906 bot.
1411 1872 1485 1906 ital.
1509 1875 1584 1906 1844
1608 1884 1644 1919 p.
1671 1873 1739 1906 454.

638 1962 732 1997 Icon.
763 1959 876 1995 Boiss.
903 1959 1061 2007 Voyage
1088 1956 1176 1991 dans
1204 1955 1394 2004 l'Espagne
1422 1954 1491 1990 tab.
1519 1955 1580 1992 IV.
1629 1954 1747 1990 Nostr.
1777 1953 1847 1990 tab.
1876 1954 1933 1990 III.

640 2045 788 2082 Habitat
813 2044 848 2080 in
877 2042 1100 2092 rupestribus
1130 2040 1310 2077 umbrosis
1337 2039 1543 2088 Hispaniae,
1573 2044 1608 2075 ut
1634 2039 1670 2075 in
1697 2052 1839 2076 summo
1867 2044 1989 2076 monte
2018 2040 2088 2076 San
2118 2039 2242 2075 Anton

714 2116 828 2153 prope
853 2102 997 2151 Malaga
1026 2103 1186 2149 (Boiss.),
1218 2100 1337 2136 Sierra
1359 2098 1506 2135 Nevada
1528 2111 1635 2134 secus
1661 2098 1807 2134 fluvium
1834 2098 2013 2135 Monachil
2037 2112 2152 2148 prope
2172 2099 2243 2135 San

714 2162 914 2200 Geronimo
955 2163 1099 2209 (Bois-s.)
1128 2164 1163 2195 et
1190 2160 1329 2207 Guejar
1362 2160 1535 2208 (Lange),
1579 2157 1674 2193 circa
1718 2158 1898 2194 Gibraltar
1934 2163 1970 2194 et
2008 2158 2078 2193 San
2112 2158 2242 2207 Roque

713 2224 844 2271 (Boiss.
874 2228 908 2257 in
934 2220 1023 2256 herb.
1053 2221 1181 2269 Fries).

788 2317 907 2352 Radix
934 2328 1048 2356 annua,
1079 2313 1293 2361 subsimplex.
1353 2311 1472 2347 Caulis
1500 2318 1640 2354 erectus,
1671 2313 1782 2347 brevis
1803 2312 1854 2347 vel
1882 2312 2064 2359 eloiigatuS‚
2087 2324 2243 2358 procum-

641 2378 723 2411 bens
749 2382 781 2411 et
805 2375 950 2416 diffusus,
989 2386 1156 2414 ramosus,
1198 2371 1379 2419 angulatus.
1446 2371 1549 2405 Folia
1573 2371 1834 2418 glawescentia,
1874 2384 1915 2406 ex
1945 2370 2077 2418 petiolis
2105 2371 2241 2418 trigonis

641 2449 738 2482 supra
783 2433 1066 2469 subcanaliculatis
1106 2432 1372 2478 bipinnatisecta‚
1416 2430 1537 2464 laciniis
1568 2430 1672 2464 ovatis
1700 2429 1751 2464 vel
1780 2430 1948 2470 obovatis‚
1974 2429 2135 2464 interdum
2163 2430 2242 2465 sub-

641 2494 832 2534 linearibus,
860 2493 981 2539 planis,
1015 2491 1118 2526 acutis
1152 2489 1203 2524 vel
1229 2489 1356 2523 obtusis
1381 2501 1454 2522 cum
1491 2500 1664 2529 mucrone,
1703 2488 1815 2535 petioli
1853 2488 2036 2523 secundarii
2064 2502 2240 2536 numquam

643 2552 779 2587 cirrliosi
805 2551 872 2600 (ex
901 2551 1027 2589 Bois-m,
1055 2549 1117 2583 secl
1141 2553 1176 2582 in
1210 2547 1398 2596 exemplari
1431 2547 1519 2581 culto
1549 2561 1601 2581 eos
1627 2547 1697 2580 rides
1709 2548 1904 2593 flexuosos,
1936 2553 2035 2582 immo
2075 2548 2242 2582 cirrhoso-

643 2612 856 2658 convolutos).
929 2609 1071 2644 Racemi
1111 2606 1340 2655 oppositisolii,
1384 2606 1481 2653 longe
1526 2605 1754 2653 pedunculati,
1801 2607 1914 2653 pauci·
1953 2607 2126 2656 (6-—10-)
2156 2607 2242 2649 flori,
