<?xml version="1.0" encoding="UTF-8"?>
<!DOCTYPE html PUBLIC "-//W3C//DTD XHTML 1.0 Transitional//EN"
    "http://www.w3.org/TR/xhtml1/DTD/xhtml1-transitional.dtd">
<html xmlns="http://www.w3.org/1999/xhtml" xml:lang="en" lang="en">
 <head>
  <title>
</title>
<meta http-equiv="Content-Type" content="text/html;charset=utf-8" />
  <meta name='ocr-system' content='tesseract 3.04.00' />
  <meta name='ocr-capabilities' content='ocr_page ocr_carea ocr_par ocr_line ocrx_word'/>
</head>
<body>
  <div class='ocr_page' id='page_1' title='image "./novaactaregiaeso325658kung_0339.png"; bbox 0 0 2435 3188; ppageno 0'>
   <div class='ocr_carea' id='block_1_1' title="bbox 8 17 15 537">
    <p class='ocr_par' dir='ltr' id='par_1_1' title="bbox 8 17 15 537">
     <span class='ocr_line' id='line_1_1' title="bbox 8 17 15 537; baseline 0 0"><span class='ocrx_word' id='word_1_1' title='bbox 8 17 15 537; x_wconf 95' lang='lat' dir='ltr'><strong> </strong></span> 
     </span>
    </p>
   </div>
   <div class='ocr_carea' id='block_1_2' title="bbox 1625 277 1706 318">
    <p class='ocr_par' dir='ltr' id='par_1_2' title="bbox 1625 277 1706 318">
     <span class='ocr_line' id='line_1_2' title="bbox 1625 277 1706 318; baseline 0 0"><span class='ocrx_word' id='word_1_2' title='bbox 1625 277 1706 318; x_wconf 69' lang='lat'><strong>297</strong></span> 
     </span>
    </p>
   </div>
   <div class='ocr_carea' id='block_1_3' title="bbox 165 384 1772 1796">
    <p class='ocr_par' dir='ltr' id='par_1_3' title="bbox 165 384 1772 1796">
     <span class='ocr_line' id='line_1_3' title="bbox 317 384 1763 434; baseline -0.007 -6"><span class='ocrx_word' id='word_1_3' title='bbox 317 393 438 429; x_wconf 67' lang='lat' dir='ltr'><strong>Radix</strong></span> <span class='ocrx_word' id='word_1_4' title='bbox 466 403 579 426; x_wconf 89' lang='lat' dir='ltr'><strong>annua.</strong></span> <span class='ocrx_word' id='word_1_5' title='bbox 638 389 756 425; x_wconf 74' lang='lat' dir='ltr'><strong>Caulis</strong></span> <span class='ocrx_word' id='word_1_6' title='bbox 772 388 994 427; x_wconf 85' lang='lat' dir='ltr'><strong>abbreviatus,</strong></span> <span class='ocrx_word' id='word_1_7' title='bbox 1023 385 1342 434; x_wconf 70' lang='lat' dir='ltr'><strong>4—12—pollicaris,</strong></span> <span class='ocrx_word' id='word_1_8' title='bbox 1374 384 1610 432; x_wconf 80' lang='lat' dir='ltr'><strong>procumbens,</strong></span> <span class='ocrx_word' id='word_1_9' title='bbox 1638 391 1763 419; x_wconf 84' lang='lat' dir='ltr'><strong>tortuo-</strong></span> 
     </span>
     <span class='ocr_line' id='line_1_4' title="bbox 169 442 1762 495; baseline -0.007 -6"><span class='ocrx_word' id='word_1_10' title='bbox 169 468 235 495; x_wconf 87' lang='lat' dir='ltr'><strong>sus,</strong></span> <span class='ocrx_word' id='word_1_11' title='bbox 262 466 359 489; x_wconf 89' lang='lat' dir='ltr'><strong>secus</strong></span> <span class='ocrx_word' id='word_1_12' title='bbox 387 450 549 486; x_wconf 87' lang='lat' dir='ltr'><strong>anfractus</strong></span> <span class='ocrx_word' id='word_1_13' title='bbox 576 461 730 484; x_wconf 84' lang='lat' dir='ltr'>saxorum</span> <span class='ocrx_word' id='word_1_14' title='bbox 759 452 922 487; x_wconf 85' lang='lat' dir='ltr'><strong>curvatus,</strong></span> <span class='ocrx_word' id='word_1_15' title='bbox 950 445 1070 493; x_wconf 85' lang='lat' dir='ltr'><strong>fragilis</strong></span> <span class='ocrx_word' id='word_1_16' title='bbox 1097 446 1143 490; x_wconf 87' lang='lat' dir='ltr'><strong>(in</strong></span> <span class='ocrx_word' id='word_1_17' title='bbox 1158 458 1224 480; x_wconf 87' lang='lat' dir='ltr'><strong>var.</strong></span> <span class='ocrx_word' id='word_1_18' title='bbox 1245 442 1280 485; x_wconf 71' lang='grc' dir='ltr'><strong>β.</strong></span> <span class='ocrx_word' id='word_1_19' title='bbox 1299 444 1481 490; x_wconf 78' lang='lat' dir='ltr'><strong>elongatus,</strong></span> <span class='ocrx_word' id='word_1_20' title='bbox 1509 443 1762 489; x_wconf 88' lang='lat' dir='ltr'><strong>subscandens).</strong></span> 
     </span>
     <span class='ocr_line' id='line_1_5' title="bbox 170 501 1764 559; baseline -0.008 -12"><span class='ocrx_word' id='word_1_21' title='bbox 170 513 271 547; x_wconf 73' lang='lat' dir='ltr'><strong>Folia</strong></span> <span class='ocrx_word' id='word_1_22' title='bbox 297 510 556 559; x_wconf 87' lang='lat' dir='ltr'><strong>glaucescentia,</strong></span> <span class='ocrx_word' id='word_1_23' title='bbox 584 520 602 542; x_wconf 89' lang='lat' dir='ltr'><strong>e</strong></span> <span class='ocrx_word' id='word_1_24' title='bbox 626 506 757 554; x_wconf 90' lang='lat' dir='ltr'><strong>petiolis</strong></span> <span class='ocrx_word' id='word_1_25' title='bbox 785 507 892 553; x_wconf 89' lang='lat' dir='ltr'><strong>longis</strong></span> <span class='ocrx_word' id='word_1_26' title='bbox 919 506 1054 552; x_wconf 87' lang='lat' dir='ltr'><strong>trigonis</strong></span> <span class='ocrx_word' id='word_1_27' title='bbox 1080 505 1348 551; x_wconf 86' lang='lat' dir='ltr'><strong>bipinnatisecta,</strong></span> <span class='ocrx_word' id='word_1_28' title='bbox 1375 503 1554 550; x_wconf 73' lang='lat' dir='ltr'><strong>segmentis</strong></span> <span class='ocrx_word' id='word_1_29' title='bbox 1580 501 1764 543; x_wconf 85' lang='lat' dir='ltr'><strong>ssabellatis,</strong></span> 
     </span>
     <span class='ocr_line' id='line_1_6' title="bbox 170 561 1765 615; baseline -0.008 -8"><span class='ocrx_word' id='word_1_30' title='bbox 170 572 290 606; x_wconf 88' lang='lat' dir='ltr'><strong>laciniis</strong></span> <span class='ocrx_word' id='word_1_31' title='bbox 321 569 474 615; x_wconf 84' lang='lat' dir='ltr'><strong>oblongis</strong></span> <span class='ocrx_word' id='word_1_32' title='bbox 502 567 554 601; x_wconf 93' lang='lat' dir='ltr'><strong>vel</strong></span> <span class='ocrx_word' id='word_1_33' title='bbox 585 565 913 613; x_wconf 84' lang='lat' dir='ltr'><strong>oblongo-ellipticis,</strong></span> <span class='ocrx_word' id='word_1_34' title='bbox 941 565 1044 599; x_wconf 86' lang='lat' dir='ltr'><strong>acutis</strong></span> <span class='ocrx_word' id='word_1_35' title='bbox 1067 563 1118 598; x_wconf 91' lang='lat' dir='ltr'><strong>vel</strong></span> <span class='ocrx_word' id='word_1_36' title='bbox 1146 564 1274 597; x_wconf 84' lang='lat' dir='ltr'><strong>obtusis</strong></span> <span class='ocrx_word' id='word_1_37' title='bbox 1303 576 1376 597; x_wconf 88' lang='lat' dir='ltr'><strong>cum</strong></span> <span class='ocrx_word' id='word_1_38' title='bbox 1410 561 1620 599; x_wconf 70' lang='lat' dir='ltr'><strong>mucronul02</strong></span> <span class='ocrx_word' id='word_1_39' title='bbox 1654 561 1765 608; x_wconf 84' lang='lat' dir='ltr'><strong>petioli</strong></span> 
     </span>
     <span class='ocr_line' id='line_1_7' title="bbox 167 619 1765 673; baseline -0.007 -9"><span class='ocrx_word' id='word_1_40' title='bbox 167 629 334 666; x_wconf 87' lang='lat' dir='ltr'><strong>ecirrbosi.</strong></span> <span class='ocrx_word' id='word_1_41' title='bbox 387 627 528 661; x_wconf 78' lang='lat' dir='ltr'><strong>Racemz‘</strong></span> <span class='ocrx_word' id='word_1_42' title='bbox 555 625 785 673; x_wconf 82' lang='lat' dir='ltr'><strong>oppositifolii‚</strong></span> <span class='ocrx_word' id='word_1_43' title='bbox 813 624 1011 665; x_wconf 83' lang='lat' dir='ltr'><strong>abbreviati,</strong></span> <span class='ocrx_word' id='word_1_44' title='bbox 1049 623 1234 671; x_wconf 85' lang='lat' dir='ltr'><strong>paueillori,</strong></span> <span class='ocrx_word' id='word_1_45' title='bbox 1272 623 1465 670; x_wconf 85' lang='lat' dir='ltr'><strong>praesertim</strong></span> <span class='ocrx_word' id='word_1_46' title='bbox 1502 620 1655 654; x_wconf 77' lang='lat' dir='ltr'>fructiferi</span> <span class='ocrx_word' id='word_1_47' title='bbox 1689 619 1765 660; x_wconf 83' lang='lat' dir='ltr'><strong>laxi,</strong></span> 
     </span>
     <span class='ocr_line' id='line_1_8' title="bbox 169 679 1766 736; baseline -0.007 -13"><span class='ocrx_word' id='word_1_48' title='bbox 169 688 278 736; x_wconf 56' lang='grc' dir='ltr'>1ὲ-2</span> <span class='ocrx_word' id='word_1_49' title='bbox 305 686 496 734; x_wconf 72' lang='lat' dir='ltr'><strong>pollicares2</strong></span> <span class='ocrx_word' id='word_1_50' title='bbox 539 684 690 732; x_wconf 88' lang='lat' dir='ltr'><strong>pedicelli</strong></span> <span class='ocrx_word' id='word_1_51' title='bbox 733 683 863 718; x_wconf 75' lang='lat' dir='ltr'><strong>floriferi</strong></span> <span class='ocrx_word' id='word_1_52' title='bbox 903 682 983 717; x_wconf 85' lang='lat' dir='ltr'><strong>flore</strong></span> <span class='ocrx_word' id='word_1_53' title='bbox 1011 682 1185 729; x_wconf 75' lang='lat' dir='ltr'><strong>2—3-p10</strong></span> <span class='ocrx_word' id='word_1_54' title='bbox 1225 682 1414 722; x_wconf 80' lang='lat' dir='ltr'><strong>breviores,</strong></span> <span class='ocrx_word' id='word_1_55' title='bbox 1457 679 1609 714; x_wconf 71' lang='lat' dir='ltr'><strong>fructiferi</strong></span> <span class='ocrx_word' id='word_1_56' title='bbox 1647 679 1766 720; x_wconf 89' lang='lat' dir='ltr'><strong>erecti,</strong></span> 
     </span>
     <span class='ocr_line' id='line_1_9' title="bbox 166 739 1770 791; baseline -0.006 -10"><span class='ocrx_word' id='word_1_57' title='bbox 166 747 266 782; x_wconf 85' lang='lat' dir='ltr'><strong>stricti</strong></span> <span class='ocrx_word' id='word_1_58' title='bbox 294 745 344 780; x_wconf 82' lang='lat' dir='ltr'><strong>vel</strong></span> <span class='ocrx_word' id='word_1_59' title='bbox 370 743 618 791; x_wconf 86' lang='lat' dir='ltr'><strong>erecto-patuli,</strong></span> <span class='ocrx_word' id='word_1_60' title='bbox 653 743 756 777; x_wconf 85' lang='lat' dir='ltr'><strong>fructu</strong></span> <span class='ocrx_word' id='word_1_61' title='bbox 788 741 973 790; x_wconf 49' lang='lat'><strong>13-3-910</strong></span> <span class='ocrx_word' id='word_1_62' title='bbox 1002 742 1190 789; x_wconf 82' lang='lat' dir='ltr'><strong>longiores,</strong></span> <span class='ocrx_word' id='word_1_63' title='bbox 1228 740 1338 788; x_wconf 50' lang='lat'>13—[3</span> <span class='ocrx_word' id='word_1_64' title='bbox 1366 740 1417 774; x_wconf 87' lang='lat' dir='ltr'><strong>lin.</strong></span> <span class='ocrx_word' id='word_1_65' title='bbox 1447 741 1545 787; x_wconf 88' lang='lat' dir='ltr'><strong>longi.</strong></span> <span class='ocrx_word' id='word_1_66' title='bbox 1599 739 1770 772; x_wconf 78' lang='lat' dir='ltr'><strong>Bracteae</strong></span> 
     </span>
     <span class='ocr_line' id='line_1_10' title="bbox 165 798 1767 848; baseline -0.006 -8"><span class='ocrx_word' id='word_1_67' title='bbox 165 804 308 846; x_wconf 65' lang='lat' dir='ltr'><strong>amidae,</strong></span> <span class='ocrx_word' id='word_1_68' title='bbox 349 817 452 838; x_wconf 89' lang='lat' dir='ltr'><strong>nervo</strong></span> <span class='ocrx_word' id='word_1_69' title='bbox 482 802 575 837; x_wconf 89' lang='lat' dir='ltr'><strong>viridi</strong></span> <span class='ocrx_word' id='word_1_70' title='bbox 605 803 797 843; x_wconf 86' lang='lat' dir='ltr'><strong>instructae,</strong></span> <span class='ocrx_word' id='word_1_71' title='bbox 840 807 978 848; x_wconf 84' lang='lat' dir='ltr'>anguste</span> <span class='ocrx_word' id='word_1_72' title='bbox 1006 799 1354 840; x_wconf 88' lang='lat' dir='ltr'><strong>lineari-lanceolatae,</strong></span> <span class='ocrx_word' id='word_1_73' title='bbox 1395 798 1767 839; x_wconf 84' lang='lat' dir='ltr'><strong>setaceo-acuminatae,</strong></span> 
     </span>
     <span class='ocr_line' id='line_1_11' title="bbox 165 857 1766 912; baseline -0.005 -14"><span class='ocrx_word' id='word_1_74' title='bbox 165 863 347 912; x_wconf 89' lang='lat' dir='ltr'><strong>pedicellos</strong></span> <span class='ocrx_word' id='word_1_75' title='bbox 389 862 574 897; x_wconf 87' lang='lat' dir='ltr'><strong>fructiferos</strong></span> <span class='ocrx_word' id='word_1_76' title='bbox 615 860 817 908; x_wconf 79' lang='lat' dir='ltr'><strong>longitudine</strong></span> <span class='ocrx_word' id='word_1_77' title='bbox 855 866 1034 908; x_wconf 82' lang='lat' dir='ltr'><strong>aequantes</strong></span> <span class='ocrx_word' id='word_1_78' title='bbox 1066 860 1118 895; x_wconf 89' lang='lat' dir='ltr'><strong>vel</strong></span> <span class='ocrx_word' id='word_1_79' title='bbox 1153 858 1315 894; x_wconf 85' lang='lat' dir='ltr'><strong>interdum</strong></span> <span class='ocrx_word' id='word_1_80' title='bbox 1344 859 1391 893; x_wconf 87' lang='lat' dir='ltr'><strong>eis</strong></span> <span class='ocrx_word' id='word_1_81' title='bbox 1416 858 1593 905; x_wconf 83' lang='lat' dir='ltr'><strong>longiores.</strong></span> <span class='ocrx_word' id='word_1_82' title='bbox 1646 857 1766 891; x_wconf 77' lang='lat' dir='ltr'><strong>Flores</strong></span> 
     </span>
     <span class='ocr_line' id='line_1_12' title="bbox 166 917 1767 971; baseline -0.005 -13"><span class='ocrx_word' id='word_1_83' title='bbox 166 924 263 971; x_wconf 87' lang='lat' dir='ltr'><strong>longi,</strong></span> <span class='ocrx_word' id='word_1_84' title='bbox 289 922 416 969; x_wconf 82' lang='lat' dir='ltr'><strong>angusti</strong></span> <span class='ocrx_word' id='word_1_85' title='bbox 445 921 652 965; x_wconf 73' lang='lat' dir='ltr'><strong>(Fumarme</strong></span> <span class='ocrx_word' id='word_1_86' title='bbox 678 920 893 968; x_wconf 74' lang='lat' dir='ltr'><strong>capreolatae</strong></span> <span class='ocrx_word' id='word_1_87' title='bbox 927 919 1128 967; x_wconf 86' lang='lat' dir='ltr'><strong>aequilongi‚</strong></span> <span class='ocrx_word' id='word_1_88' title='bbox 1164 918 1223 953; x_wconf 86' lang='lat' dir='ltr'><strong>sed</strong></span> <span class='ocrx_word' id='word_1_89' title='bbox 1262 918 1487 965; x_wconf 80' lang='lat' dir='ltr'><strong>angustiores)</strong></span> <span class='ocrx_word' id='word_1_90' title='bbox 1513 917 1767 957; x_wconf 84' lang='lat' dir='ltr'><strong>albo—virentes,</strong></span> 
     </span>
     <span class='ocr_line' id='line_1_13' title="bbox 165 975 1767 1030; baseline -0.005 -13"><span class='ocrx_word' id='word_1_91' title='bbox 165 983 259 1030; x_wconf 88' lang='lat' dir='ltr'><strong>apice</strong></span> <span class='ocrx_word' id='word_1_92' title='bbox 288 981 461 1029; x_wconf 85' lang='lat' dir='ltr'><strong>purpurei;</strong></span> <span class='ocrx_word' id='word_1_93' title='bbox 487 979 595 1027; x_wconf 89' lang='lat' dir='ltr'><strong>petala</strong></span> <span class='ocrx_word' id='word_1_94' title='bbox 623 980 652 1013; x_wconf 91' lang='lat' dir='ltr'><strong>in</strong></span> <span class='ocrx_word' id='word_1_95' title='bbox 679 979 941 1026; x_wconf 82' lang='lat' dir='ltr'><strong>exemplaribus,</strong></span> <span class='ocrx_word' id='word_1_96' title='bbox 969 992 1053 1026; x_wconf 84' lang='lat' dir='ltr'><strong>quae</strong></span> <span class='ocrx_word' id='word_1_97' title='bbox 1085 978 1166 1019; x_wconf 89' lang='lat' dir='ltr'><strong>vidi,</strong></span> <span class='ocrx_word' id='word_1_98' title='bbox 1195 983 1284 1012; x_wconf 83' lang='lat' dir='ltr'><strong>arcte</strong></span> <span class='ocrx_word' id='word_1_99' title='bbox 1319 975 1544 1018; x_wconf 81' lang='lat' dir='ltr'><strong>cohaerentia,</strong></span> <span class='ocrx_word' id='word_1_100' title='bbox 1580 975 1670 1023; x_wconf 90' lang='lat' dir='ltr'><strong>quod</strong></span> <span class='ocrx_word' id='word_1_101' title='bbox 1698 976 1767 1010; x_wconf 90' lang='lat' dir='ltr'><strong>sine</strong></span> 
     </span>
     <span class='ocr_line' id='line_1_14' title="bbox 165 1035 1768 1086; baseline -0.004 -12"><span class='ocrx_word' id='word_1_102' title='bbox 165 1041 266 1076; x_wconf 88' lang='lat' dir='ltr'><strong>dubio</strong></span> <span class='ocrx_word' id='word_1_103' title='bbox 298 1040 373 1074; x_wconf 91' lang='lat' dir='ltr'><strong>loco</strong></span> <span class='ocrx_word' id='word_1_104' title='bbox 401 1038 498 1073; x_wconf 88' lang='lat' dir='ltr'><strong>natali</strong></span> <span class='ocrx_word' id='word_1_105' title='bbox 526 1038 657 1072; x_wconf 89' lang='lat' dir='ltr'><strong>occulto</strong></span> <span class='ocrx_word' id='word_1_106' title='bbox 686 1039 797 1073; x_wconf 88' lang='lat' dir='ltr'><strong>oritur.</strong></span> <span class='ocrx_word' id='word_1_107' title='bbox 854 1038 983 1086; x_wconf 76' lang='lat' dir='ltr'><strong>Sepala</strong></span> <span class='ocrx_word' id='word_1_108' title='bbox 1009 1037 1188 1072; x_wconf 77' lang='lat' dir='ltr'><strong>lanceolata</strong></span> <span class='ocrx_word' id='word_1_109' title='bbox 1218 1035 1269 1071; x_wconf 92' lang='lat' dir='ltr'><strong>vel</strong></span> <span class='ocrx_word' id='word_1_110' title='bbox 1297 1041 1436 1083; x_wconf 80' lang='lat' dir='ltr'><strong>anguste</strong></span> <span class='ocrx_word' id='word_1_111' title='bbox 1468 1035 1768 1070; x_wconf 87' lang='lat' dir='ltr'><strong>obovato—lanceo-</strong></span> 
     </span>
     <span class='ocr_line' id='line_1_15' title="bbox 166 1094 1768 1145; baseline -0.004 -11"><span class='ocrx_word' id='word_1_112' title='bbox 166 1100 244 1141; x_wconf 88' lang='lat' dir='ltr'><strong>lata,</strong></span> <span class='ocrx_word' id='word_1_113' title='bbox 271 1099 469 1138; x_wconf 87' lang='lat' dir='ltr'><strong>acuminata,</strong></span> <span class='ocrx_word' id='word_1_114' title='bbox 504 1099 698 1145; x_wconf 88' lang='lat' dir='ltr'><strong>praesertim</strong></span> <span class='ocrx_word' id='word_1_115' title='bbox 727 1097 850 1132; x_wconf 87' lang='lat' dir='ltr'><strong>inferne</strong></span> <span class='ocrx_word' id='word_1_116' title='bbox 878 1103 992 1144; x_wconf 87' lang='lat' dir='ltr'><strong>argute</strong></span> <span class='ocrx_word' id='word_1_117' title='bbox 1021 1097 1314 1136; x_wconf 88' lang='lat' dir='ltr'><strong>dentato-serrata,</strong></span> <span class='ocrx_word' id='word_1_118' title='bbox 1349 1094 1516 1129; x_wconf 87' lang='lat' dir='ltr'><strong>dimidium</strong></span> <span class='ocrx_word' id='word_1_119' title='bbox 1546 1095 1691 1130; x_wconf 85' lang='lat' dir='ltr'><strong>corollae</strong></span> <span class='ocrx_word' id='word_1_120' title='bbox 1718 1100 1768 1128; x_wconf 88' lang='lat' dir='ltr'><strong>tu-</strong></span> 
     </span>
     <span class='ocr_line' id='line_1_16' title="bbox 167 1153 1768 1205; baseline -0.004 -12"><span class='ocrx_word' id='word_1_121' title='bbox 167 1160 244 1194; x_wconf 91' lang='lat' dir='ltr'><strong>bum</strong></span> <span class='ocrx_word' id='word_1_122' title='bbox 276 1157 480 1205; x_wconf 83' lang='lat' dir='ltr'><strong>longitudine</strong></span> <span class='ocrx_word' id='word_1_123' title='bbox 520 1158 692 1204; x_wconf 87' lang='lat' dir='ltr'><strong>aequantia</strong></span> <span class='ocrx_word' id='word_1_124' title='bbox 733 1157 831 1203; x_wconf 82' lang='lat' dir='ltr'><strong>eique</strong></span> <span class='ocrx_word' id='word_1_125' title='bbox 869 1156 1048 1203; x_wconf 86' lang='lat' dir='ltr'><strong>aequilata,</strong></span> <span class='ocrx_word' id='word_1_126' title='bbox 1087 1169 1189 1202; x_wconf 85' lang='lat' dir='ltr'><strong>saepe</strong></span> <span class='ocrx_word' id='word_1_127' title='bbox 1216 1155 1238 1188; x_wconf 75' lang='lat'><strong>2</strong></span> <span class='ocrx_word' id='word_1_128' title='bbox 1268 1154 1319 1189; x_wconf 86' lang='lat' dir='ltr'><strong>lin.</strong></span> <span class='ocrx_word' id='word_1_129' title='bbox 1348 1154 1445 1201; x_wconf 86' lang='lat' dir='ltr'><strong>longa</strong></span> <span class='ocrx_word' id='word_1_130' title='bbox 1473 1161 1506 1189; x_wconf 88' lang='lat' dir='ltr'><strong>et</strong></span> <span class='ocrx_word' id='word_1_131' title='bbox 1530 1154 1639 1202; x_wconf 84' lang='lat' dir='ltr'><strong>paullo</strong></span> <span class='ocrx_word' id='word_1_132' title='bbox 1671 1153 1768 1194; x_wconf 90' lang='lat' dir='ltr'><strong>ultra,</strong></span> 
     </span>
     <span class='ocr_line' id='line_1_17' title="bbox 167 1213 1769 1262; baseline -0.003 -10"><span class='ocrx_word' id='word_1_133' title='bbox 167 1231 269 1253; x_wconf 90' lang='lat' dir='ltr'><strong>nervo</strong></span> <span class='ocrx_word' id='word_1_134' title='bbox 305 1216 399 1251; x_wconf 86' lang='lat' dir='ltr'><strong>viridi</strong></span> <span class='ocrx_word' id='word_1_135' title='bbox 435 1217 593 1257; x_wconf 86' lang='lat' dir='ltr'><strong>carinata,</strong></span> <span class='ocrx_word' id='word_1_136' title='bbox 632 1217 662 1250; x_wconf 93' lang='lat' dir='ltr'><strong>in</strong></span> <span class='ocrx_word' id='word_1_137' title='bbox 700 1215 804 1250; x_wconf 88' lang='lat' dir='ltr'><strong>fructu</strong></span> <span class='ocrx_word' id='word_1_138' title='bbox 844 1214 897 1249; x_wconf 87' lang='lat' dir='ltr'><strong>diu</strong></span> <span class='ocrx_word' id='word_1_139' title='bbox 938 1215 1146 1262; x_wconf 82' lang='lat' dir='ltr'><strong>persistentia</strong></span> <span class='ocrx_word' id='word_1_140' title='bbox 1175 1228 1285 1262; x_wconf 90' lang='lat' dir='ltr'><strong>eoque</strong></span> <span class='ocrx_word' id='word_1_141' title='bbox 1313 1213 1540 1260; x_wconf 85' lang='lat' dir='ltr'><strong>sublongiora.</strong></span> <span class='ocrx_word' id='word_1_142' title='bbox 1606 1213 1769 1248; x_wconf 81' lang='lat' dir='ltr'><strong>Petalum</strong></span> 
     </span>
     <span class='ocr_line' id='line_1_18' title="bbox 167 1272 1769 1326; baseline -0.004 -14"><span class='ocrx_word' id='word_1_143' title='bbox 167 1281 323 1326; x_wconf 74' lang='lat' dir='ltr'><strong>superius</strong></span> <span class='ocrx_word' id='word_1_144' title='bbox 349 1288 422 1310; x_wconf 87' lang='lat' dir='ltr'><strong>cum</strong></span> <span class='ocrx_word' id='word_1_145' title='bbox 447 1275 563 1309; x_wconf 90' lang='lat' dir='ltr'><strong>calcari</strong></span> <span class='ocrx_word' id='word_1_146' title='bbox 592 1275 676 1309; x_wconf 89' lang='lat' dir='ltr'><strong>ovali</strong></span> <span class='ocrx_word' id='word_1_147' title='bbox 708 1274 829 1322; x_wconf 89' lang='lat' dir='ltr'><strong>sepalis</strong></span> <span class='ocrx_word' id='word_1_148' title='bbox 857 1274 1076 1309; x_wconf 88' lang='lat' dir='ltr'><strong>subbreviore</strong></span> <span class='ocrx_word' id='word_1_149' title='bbox 1111 1273 1253 1308; x_wconf 87' lang='lat' dir='ltr'><strong>albidum</strong></span> <span class='ocrx_word' id='word_1_150' title='bbox 1290 1273 1342 1307; x_wconf 91' lang='lat' dir='ltr'><strong>vel</strong></span> <span class='ocrx_word' id='word_1_151' title='bbox 1372 1272 1642 1314; x_wconf 85' lang='lat' dir='ltr'><strong>rosei-albidum,</strong></span> <span class='ocrx_word' id='word_1_152' title='bbox 1675 1273 1769 1320; x_wconf 82' lang='lat' dir='ltr'><strong>apice</strong></span> 
     </span>
     <span class='ocr_line' id='line_1_19' title="bbox 167 1331 1769 1381; baseline -0.004 -10"><span class='ocrx_word' id='word_1_153' title='bbox 167 1337 321 1371; x_wconf 83' lang='lat' dir='ltr'><strong>obtusum</strong></span> <span class='ocrx_word' id='word_1_154' title='bbox 347 1340 379 1370; x_wconf 89' lang='lat' dir='ltr'><strong>et</strong></span> <span class='ocrx_word' id='word_1_155' title='bbox 405 1347 549 1381; x_wconf 85' lang='lat' dir='ltr'><strong>superne</strong></span> <span class='ocrx_word' id='word_1_156' title='bbox 581 1334 686 1381; x_wconf 87' lang='lat' dir='ltr'><strong>gibbo</strong></span> <span class='ocrx_word' id='word_1_157' title='bbox 715 1333 807 1368; x_wconf 88' lang='lat' dir='ltr'><strong>viridi</strong></span> <span class='ocrx_word' id='word_1_158' title='bbox 839 1334 1049 1374; x_wconf 88' lang='lat' dir='ltr'><strong>instructum,</strong></span> <span class='ocrx_word' id='word_1_159' title='bbox 1077 1334 1132 1380; x_wconf 87' lang='lat' dir='ltr'><strong>qui</strong></span> <span class='ocrx_word' id='word_1_160' title='bbox 1159 1332 1362 1380; x_wconf 86' lang='lat' dir='ltr'><strong>marginibus</strong></span> <span class='ocrx_word' id='word_1_161' title='bbox 1391 1331 1478 1373; x_wconf 83' lang='lat' dir='ltr'><strong>latis,</strong></span> <span class='ocrx_word' id='word_1_162' title='bbox 1510 1332 1540 1365; x_wconf 92' lang='lat' dir='ltr'><strong>in</strong></span> <span class='ocrx_word' id='word_1_163' title='bbox 1575 1331 1656 1366; x_wconf 84' lang='lat' dir='ltr'><strong>flore</strong></span> <span class='ocrx_word' id='word_1_164' title='bbox 1684 1332 1769 1366; x_wconf 88' lang='lat' dir='ltr'><strong>bene</strong></span> 
     </span>
     <span class='ocr_line' id='line_1_20' title="bbox 167 1390 1771 1444; baseline -0.004 -13"><span class='ocrx_word' id='word_1_165' title='bbox 167 1396 330 1444; x_wconf 86' lang='lat' dir='ltr'><strong>explicato</strong></span> <span class='ocrx_word' id='word_1_166' title='bbox 358 1392 648 1441; x_wconf 81' lang='lat' dir='ltr'><strong>patenti-reflexis,</strong></span> <span class='ocrx_word' id='word_1_167' title='bbox 676 1406 839 1428; x_wconf 90' lang='lat' dir='ltr'><strong>summum</strong></span> <span class='ocrx_word' id='word_1_168' title='bbox 873 1393 1002 1440; x_wconf 88' lang='lat' dir='ltr'><strong>apicem</strong></span> <span class='ocrx_word' id='word_1_169' title='bbox 1030 1392 1282 1439; x_wconf 84' lang='lat' dir='ltr'><strong>attingentibus,</strong></span> <span class='ocrx_word' id='word_1_170' title='bbox 1319 1390 1435 1425; x_wconf 86' lang='lat' dir='ltr'><strong>albidis</strong></span> <span class='ocrx_word' id='word_1_171' title='bbox 1464 1391 1611 1437; x_wconf 87' lang='lat' dir='ltr'><strong>cingitur.</strong></span> <span class='ocrx_word' id='word_1_172' title='bbox 1665 1391 1771 1425; x_wconf 82' lang='lat' dir='ltr'><strong>Peta—</strong></span> 
     </span>
     <span class='ocr_line' id='line_1_21' title="bbox 168 1448 1770 1500; baseline -0.003 -12"><span class='ocrx_word' id='word_1_173' title='bbox 168 1455 237 1490; x_wconf 88' lang='lat' dir='ltr'><strong>lum</strong></span> <span class='ocrx_word' id='word_1_174' title='bbox 263 1454 412 1500; x_wconf 76' lang='lat' dir='ltr'><strong>inferius</strong></span> <span class='ocrx_word' id='word_1_175' title='bbox 437 1453 574 1494; x_wconf 88' lang='lat' dir='ltr'><strong>lineare,</strong></span> <span class='ocrx_word' id='word_1_176' title='bbox 607 1453 803 1494; x_wconf 86' lang='lat' dir='ltr'><strong>carinatum,</strong></span> <span class='ocrx_word' id='word_1_177' title='bbox 837 1452 931 1499; x_wconf 89' lang='lat' dir='ltr'><strong>apice</strong></span> <span class='ocrx_word' id='word_1_178' title='bbox 966 1451 1228 1486; x_wconf 88' lang='lat' dir='ltr'><strong>obtusiusculum</strong></span> <span class='ocrx_word' id='word_1_179' title='bbox 1256 1457 1288 1485; x_wconf 88' lang='lat' dir='ltr'><strong>et</strong></span> <span class='ocrx_word' id='word_1_180' title='bbox 1317 1450 1442 1485; x_wconf 89' lang='lat' dir='ltr'><strong>inferne</strong></span> <span class='ocrx_word' id='word_1_181' title='bbox 1469 1450 1573 1497; x_wconf 87' lang='lat' dir='ltr'><strong>gibbo</strong></span> <span class='ocrx_word' id='word_1_182' title='bbox 1603 1448 1695 1483; x_wconf 87' lang='lat' dir='ltr'><strong>viridi</strong></span> <span class='ocrx_word' id='word_1_183' title='bbox 1722 1450 1770 1483; x_wconf 90' lang='lat' dir='ltr'><strong>in-</strong></span> 
     </span>
     <span class='ocr_line' id='line_1_22' title="bbox 169 1510 1770 1559; baseline -0.003 -11"><span class='ocrx_word' id='word_1_184' title='bbox 169 1520 336 1554; x_wconf 89' lang='lat' dir='ltr'><strong>structum,</strong></span> <span class='ocrx_word' id='word_1_185' title='bbox 373 1524 470 1559; x_wconf 91' lang='lat' dir='ltr'><strong>quem</strong></span> <span class='ocrx_word' id='word_1_186' title='bbox 510 1512 645 1559; x_wconf 89' lang='lat' dir='ltr'><strong>cingunt</strong></span> <span class='ocrx_word' id='word_1_187' title='bbox 687 1512 852 1559; x_wconf 87' lang='lat' dir='ltr'><strong>margines</strong></span> <span class='ocrx_word' id='word_1_188' title='bbox 883 1511 931 1559; x_wconf 91' lang='lat' dir='ltr'><strong>(in</strong></span> <span class='ocrx_word' id='word_1_189' title='bbox 959 1510 1040 1545; x_wconf 84' lang='lat' dir='ltr'><strong>flore</strong></span> <span class='ocrx_word' id='word_1_190' title='bbox 1066 1511 1152 1545; x_wconf 89' lang='lat' dir='ltr'><strong>bene</strong></span> <span class='ocrx_word' id='word_1_191' title='bbox 1181 1510 1363 1558; x_wconf 85' lang='lat' dir='ltr'><strong>explicato)</strong></span> <span class='ocrx_word' id='word_1_192' title='bbox 1402 1514 1571 1557; x_wconf 88' lang='lat' dir='ltr'><strong>patentes,</strong></span> <span class='ocrx_word' id='word_1_193' title='bbox 1608 1522 1770 1543; x_wconf 90' lang='lat' dir='ltr'><strong>summum</strong></span> 
     </span>
     <span class='ocr_line' id='line_1_23' title="bbox 169 1568 1772 1620; baseline -0.002 -14"><span class='ocrx_word' id='word_1_194' title='bbox 169 1574 295 1620; x_wconf 86' lang='lat' dir='ltr'><strong>apicem</strong></span> <span class='ocrx_word' id='word_1_195' title='bbox 324 1572 529 1618; x_wconf 87' lang='lat' dir='ltr'><strong>attingentes,</strong></span> <span class='ocrx_word' id='word_1_196' title='bbox 557 1569 665 1605; x_wconf 87' lang='lat' dir='ltr'><strong>albidi.</strong></span> <span class='ocrx_word' id='word_1_197' title='bbox 719 1570 842 1605; x_wconf 62' lang='lat' dir='ltr'><strong>Patala</strong></span> <span class='ocrx_word' id='word_1_198' title='bbox 870 1575 1036 1605; x_wconf 67' lang='lat' dir='ltr'><strong>interiora</strong></span> <span class='ocrx_word' id='word_1_199' title='bbox 1063 1569 1371 1610; x_wconf 63' lang='lat' dir='ltr'><strong>albo-vivescentia,</strong></span> <span class='ocrx_word' id='word_1_200' title='bbox 1408 1568 1503 1616; x_wconf 90' lang='lat' dir='ltr'><strong>apice</strong></span> <span class='ocrx_word' id='word_1_201' title='bbox 1531 1573 1772 1616; x_wconf 88' lang='lat' dir='ltr'><strong>atropurpurea</strong></span> 
     </span>
     <span class='ocr_line' id='line_1_24' title="bbox 169 1627 1771 1679; baseline -0.004 -13"><span class='ocrx_word' id='word_1_202' title='bbox 169 1638 201 1667; x_wconf 90' lang='lat' dir='ltr'><strong>et</strong></span> <span class='ocrx_word' id='word_1_203' title='bbox 227 1630 502 1679; x_wconf 87' lang='lat' dir='ltr'><strong>longitudinaliter</strong></span> <span class='ocrx_word' id='word_1_204' title='bbox 529 1629 715 1677; x_wconf 87' lang='lat' dir='ltr'><strong>tri-plicata,</strong></span> <span class='ocrx_word' id='word_1_205' title='bbox 743 1642 759 1663; x_wconf 88' lang='lat' dir='ltr'><strong>a</strong></span> <span class='ocrx_word' id='word_1_206' title='bbox 789 1629 897 1664; x_wconf 89' lang='lat' dir='ltr'><strong>medio</strong></span> <span class='ocrx_word' id='word_1_207' title='bbox 914 1629 955 1663; x_wconf 89' lang='lat' dir='ltr'><strong>ad</strong></span> <span class='ocrx_word' id='word_1_208' title='bbox 972 1629 1100 1677; x_wconf 89' lang='lat' dir='ltr'><strong>apicem</strong></span> <span class='ocrx_word' id='word_1_209' title='bbox 1119 1641 1248 1663; x_wconf 92' lang='lat' dir='ltr'><strong>sursum</strong></span> <span class='ocrx_word' id='word_1_210' title='bbox 1277 1633 1420 1662; x_wconf 86' lang='lat' dir='ltr'><strong>curvata.</strong></span> <span class='ocrx_word' id='word_1_211' title='bbox 1471 1627 1627 1662; x_wconf 77' lang='lat' dir='ltr'><strong>Fructus</strong></span> <span class='ocrx_word' id='word_1_212' title='bbox 1655 1632 1771 1661; x_wconf 84' lang='lat' dir='ltr'><strong>ovato-</strong></span> 
     </span>
     <span class='ocr_line' id='line_1_25' title="bbox 170 1686 1772 1735; baseline -0.003 -10"><span class='ocrx_word' id='word_1_213' title='bbox 170 1689 338 1731; x_wconf 85' lang='lat' dir='ltr'><strong>rotundus,</strong></span> <span class='ocrx_word' id='word_1_214' title='bbox 364 1688 602 1730; x_wconf 87' lang='lat' dir='ltr'><strong>acutiusculus,</strong></span> <span class='ocrx_word' id='word_1_215' title='bbox 633 1688 736 1723; x_wconf 90' lang='lat' dir='ltr'><strong>dense</strong></span> <span class='ocrx_word' id='word_1_216' title='bbox 762 1688 1186 1728; x_wconf 86' lang='lat' dir='ltr'><strong>tuberculato-muricatus,</strong></span> <span class='ocrx_word' id='word_1_217' title='bbox 1210 1686 1307 1721; x_wconf 87' lang='lat' dir='ltr'><strong>valde</strong></span> <span class='ocrx_word' id='word_1_218' title='bbox 1340 1699 1555 1735; x_wconf 89' lang='lat' dir='ltr'><strong>compressus</strong></span> <span class='ocrx_word' id='word_1_219' title='bbox 1588 1692 1621 1721; x_wconf 87' lang='lat' dir='ltr'><strong>et</strong></span> <span class='ocrx_word' id='word_1_220' title='bbox 1648 1687 1772 1721; x_wconf 87' lang='lat' dir='ltr'><strong>carina-</strong></span> 
     </span>
     <span class='ocr_line' id='line_1_26' title="bbox 170 1747 1321 1796; baseline -0.004 -12"><span class='ocrx_word' id='word_1_221' title='bbox 170 1755 232 1791; x_wconf 85' lang='lat' dir='ltr'><strong>tus,</strong></span> <span class='ocrx_word' id='word_1_222' title='bbox 257 1749 351 1796; x_wconf 87' lang='lat' dir='ltr'><strong>apice</strong></span> <span class='ocrx_word' id='word_1_223' title='bbox 381 1748 611 1789; x_wconf 87' lang='lat' dir='ltr'><strong>bifoveolatus‚</strong></span> <span class='ocrx_word' id='word_1_224' title='bbox 638 1747 708 1782; x_wconf 89' lang='lat' dir='ltr'><strong>basi</strong></span> <span class='ocrx_word' id='word_1_225' title='bbox 736 1747 902 1795; x_wconf 89' lang='lat' dir='ltr'><strong>pedicello</strong></span> <span class='ocrx_word' id='word_1_226' title='bbox 932 1748 1114 1781; x_wconf 87' lang='lat' dir='ltr'><strong>incrassato</strong></span> <span class='ocrx_word' id='word_1_227' title='bbox 1141 1747 1321 1793; x_wconf 86' lang='lat' dir='ltr'><strong>angustior.</strong></span> 
     </span>
    </p>
   </div>
   <div class='ocr_carea' id='block_1_4' title="bbox 315 1838 1768 1892">
    <p class='ocr_par' dir='ltr' id='par_1_4' title="bbox 315 1838 1768 1892">
     <span class='ocr_line' id='line_1_27' title="bbox 315 1838 1768 1892; baseline -0.003 -13"><span class='ocrx_word' id='word_1_228' title='bbox 315 1844 397 1879; x_wconf 80' lang='lat' dir='ltr'><strong>Icon</strong></span> <span class='ocrx_word' id='word_1_229' title='bbox 423 1852 456 1879; x_wconf 82' lang='lat' dir='ltr'><strong>et</strong></span> <span class='ocrx_word' id='word_1_230' title='bbox 481 1845 663 1892; x_wconf 76' lang='lat' dir='ltr'><strong>descriptio</strong></span> <span class='ocrx_word' id='word_1_231' title='bbox 689 1857 729 1879; x_wconf 79' lang='lat' dir='ltr'><strong>ex</strong></span> <span class='ocrx_word' id='word_1_232' title='bbox 753 1843 908 1878; x_wconf 71' lang='lat' dir='ltr'><strong>Boissier</strong></span> <span class='ocrx_word' id='word_1_233' title='bbox 934 1844 954 1879; x_wconf 84' lang='lat' dir='ltr'><strong>l.</strong></span> <span class='ocrx_word' id='word_1_234' title='bbox 984 1858 1010 1878; x_wconf 87' lang='lat' dir='ltr'><strong>c.</strong></span> <span class='ocrx_word' id='word_1_235' title='bbox 1037 1851 1069 1878; x_wconf 86' lang='lat' dir='ltr'><strong>et</strong></span> <span class='ocrx_word' id='word_1_236' title='bbox 1094 1856 1138 1877; x_wconf 61' lang='lat' dir='ltr'><strong>ea·</strong></span> <span class='ocrx_word' id='word_1_237' title='bbox 1166 1842 1306 1891; x_wconf 72' lang='lat' dir='ltr'><strong>exempl.</strong></span> <span class='ocrx_word' id='word_1_238' title='bbox 1333 1856 1356 1876; x_wconf 85' lang='lat' dir='ltr'><strong>a</strong></span> <span class='ocrx_word' id='word_1_239' title='bbox 1378 1842 1488 1876; x_wconf 77' lang='lat' dir='ltr'><strong>Boiss.</strong></span> <span class='ocrx_word' id='word_1_240' title='bbox 1513 1846 1612 1876; x_wconf 79' lang='lat' dir='ltr'><strong>misso</strong></span> <span class='ocrx_word' id='word_1_241' title='bbox 1630 1846 1665 1875; x_wconf 80' lang='lat' dir='ltr'><strong>in</strong></span> <span class='ocrx_word' id='word_1_242' title='bbox 1680 1838 1768 1875; x_wconf 76' lang='lat' dir='ltr'><strong>lzerb.</strong></span> 
     </span>
    </p>
   </div>
   <div class='ocr_carea' id='block_1_5' title="bbox 174 1901 285 1937">
    <p class='ocr_par' dir='ltr' id='par_1_5' title="bbox 174 1901 285 1937">
     <span class='ocr_line' id='line_1_28' title="bbox 174 1901 285 1937; baseline -0.009 0"><span class='ocrx_word' id='word_1_243' title='bbox 174 1901 213 1937; x_wconf 90' lang='lat' dir='ltr'><em>F</em></span> <span class='ocrx_word' id='word_1_244' title='bbox 209 1906 285 1936; x_wconf 70' lang='lat' dir='ltr'><strong>ries.</strong></span> 
     </span>
    </p>
   </div>
   <div class='ocr_carea' id='block_1_6' title="bbox 587 2010 1346 2067">
    <p class='ocr_par' dir='ltr' id='par_1_6' title="bbox 587 2010 1346 2067">
     <span class='ocr_line' id='line_1_29' title="bbox 587 2010 1346 2067; baseline -0.001 -16"><span class='ocrx_word' id='word_1_245' title='bbox 587 2010 663 2051; x_wconf 73' lang='lat'><strong>20.</strong></span> <span class='ocrx_word' id='word_1_246' title='bbox 725 2013 913 2051; x_wconf 76' lang='lat' dir='ltr'><strong>Fumarin</strong></span> <span class='ocrx_word' id='word_1_247' title='bbox 942 2012 1149 2067; x_wconf 79' lang='lat' dir='ltr'><strong>flabellata</strong></span> <span class='ocrx_word' id='word_1_248' title='bbox 1182 2011 1346 2065; x_wconf 88' lang='lat' dir='ltr'><strong>Gaspar.</strong></span> 
     </span>
    </p>
   </div>
   <div class='ocr_carea' id='block_1_7' title="bbox 176 2117 1773 2228">
    <p class='ocr_par' dir='ltr' id='par_1_7' title="bbox 176 2117 1773 2228">
     <span class='ocr_line' id='line_1_30' title="bbox 325 2117 1773 2168; baseline -0.002 -13"><span class='ocrx_word' id='word_1_249' title='bbox 325 2119 365 2156; x_wconf 89' lang='lat' dir='ltr'><strong>F.</strong></span> <span class='ocrx_word' id='word_1_250' title='bbox 392 2119 565 2155; x_wconf 87' lang='lat' dir='ltr'><strong>fructibus</strong></span> <span class='ocrx_word' id='word_1_251' title='bbox 593 2119 826 2157; x_wconf 87' lang='lat' dir='ltr'><strong>subrotundis</strong></span> <span class='ocrx_word' id='word_1_252' title='bbox 856 2119 995 2157; x_wconf 88' lang='lat' dir='ltr'><strong>obtusis</strong></span> <span class='ocrx_word' id='word_1_253' title='bbox 1019 2119 1414 2168; x_wconf 83' lang='lat' dir='ltr'><strong>tuberculato-rugosis‚</strong></span> <span class='ocrx_word' id='word_1_254' title='bbox 1443 2117 1572 2166; x_wconf 86' lang='lat' dir='ltr'><strong>sepalis</strong></span> <span class='ocrx_word' id='word_1_255' title='bbox 1597 2117 1665 2153; x_wconf 91' lang='lat' dir='ltr'><strong>late</strong></span> <span class='ocrx_word' id='word_1_256' title='bbox 1689 2128 1773 2152; x_wconf 90' lang='lat' dir='ltr'><strong>ova—</strong></span> 
     </span>
     <span class='ocr_line' id='line_1_31' title="bbox 176 2176 1771 2228; baseline -0.002 -14"><span class='ocrx_word' id='word_1_257' title='bbox 176 2179 219 2214; x_wconf 89' lang='lat' dir='ltr'><strong>tis</strong></span> <span class='ocrx_word' id='word_1_258' title='bbox 245 2178 356 2214; x_wconf 86' lang='lat' dir='ltr'><strong>acutis</strong></span> <span class='ocrx_word' id='word_1_259' title='bbox 384 2178 533 2214; x_wconf 85' lang='lat' dir='ltr'><strong>dentatis</strong></span> <span class='ocrx_word' id='word_1_260' title='bbox 567 2179 704 2215; x_wconf 84' lang='lat' dir='ltr'><strong>corolla</strong></span> <span class='ocrx_word' id='word_1_261' title='bbox 734 2180 838 2228; x_wconf 87' lang='lat' dir='ltr'><strong>triplo</strong></span> <span class='ocrx_word' id='word_1_262' title='bbox 873 2179 1103 2215; x_wconf 89' lang='lat' dir='ltr'><strong>brevioribus</strong></span> <span class='ocrx_word' id='word_1_263' title='bbox 1136 2181 1287 2227; x_wconf 81' lang='lat' dir='ltr'><strong>ejusque</strong></span> <span class='ocrx_word' id='word_1_264' title='bbox 1324 2177 1412 2213; x_wconf 92' lang='lat' dir='ltr'><strong>tubo</strong></span> <span class='ocrx_word' id='word_1_265' title='bbox 1454 2177 1529 2212; x_wconf 88' lang='lat' dir='ltr'><strong>fere</strong></span> <span class='ocrx_word' id='word_1_266' title='bbox 1572 2176 1771 2217; x_wconf 84' lang='lat' dir='ltr'><strong>latioribus,</strong></span> 
     </span>
    </p>
   </div>
   <div class='ocr_carea' id='block_1_8' title="bbox 177 2234 1775 2346">
    <p class='ocr_par' dir='ltr' id='par_1_8' title="bbox 177 2234 1775 2346">
     <span class='ocr_line' id='line_1_32' title="bbox 177 2234 1775 2287; baseline -0.001 -15"><span class='ocrx_word' id='word_1_267' title='bbox 177 2236 329 2272; x_wconf 88' lang='lat' dir='ltr'><strong>bracteis</strong></span> <span class='ocrx_word' id='word_1_268' title='bbox 356 2237 531 2285; x_wconf 88' lang='lat' dir='ltr'><strong>pedicello</strong></span> <span class='ocrx_word' id='word_1_269' title='bbox 560 2237 743 2275; x_wconf 86' lang='lat' dir='ltr'><strong>fructifero</strong></span> <span class='ocrx_word' id='word_1_270' title='bbox 771 2239 1066 2287; x_wconf 86' lang='lat' dir='ltr'><strong>patenti-reflexo</strong></span> <span class='ocrx_word' id='word_1_271' title='bbox 1106 2237 1218 2273; x_wconf 89' lang='lat' dir='ltr'><strong>multo</strong></span> <span class='ocrx_word' id='word_1_272' title='bbox 1239 2235 1474 2278; x_wconf 89' lang='lat' dir='ltr'><strong>brevioribus,</strong></span> <span class='ocrx_word' id='word_1_273' title='bbox 1499 2235 1666 2271; x_wconf 87' lang='lat' dir='ltr'><strong>foliorum</strong></span> <span class='ocrx_word' id='word_1_274' title='bbox 1692 2234 1775 2270; x_wconf 87' lang='lat' dir='ltr'><strong>laci-</strong></span> 
     </span>
     <span class='ocr_line' id='line_1_33' title="bbox 178 2295 567 2346; baseline 0.005 -16"><span class='ocrx_word' id='word_1_275' title='bbox 178 2295 242 2331; x_wconf 87' lang='lat' dir='ltr'><strong>niis</strong></span> <span class='ocrx_word' id='word_1_276' title='bbox 267 2295 567 2346; x_wconf 84' lang='lat' dir='ltr'><strong>oblongo-ovatis.</strong></span> 
     </span>
    </p>
   </div>
   <div class='ocr_carea' id='block_1_9' title="bbox 178 2386 1775 2498">
    <p class='ocr_par' dir='ltr' id='par_1_9' title="bbox 178 2386 1775 2498">
     <span class='ocr_line' id='line_1_34' title="bbox 178 2386 1775 2438; baseline 0 -17"><span class='ocrx_word' id='word_1_277' title='bbox 178 2387 346 2422; x_wconf 68' lang='lat' dir='ltr'><strong>Fumaria</strong></span> <span class='ocrx_word' id='word_1_278' title='bbox 363 2387 549 2434; x_wconf 68' lang='lat' dir='ltr'><strong>flabellum</strong></span> <span class='ocrx_word' id='word_1_279' title='bbox 575 2390 764 2438; x_wconf 84' lang='lat' dir='ltr'><strong>Gasparini</strong></span> <span class='ocrx_word' id='word_1_280' title='bbox 792 2397 826 2426; x_wconf 79' lang='lat' dir='ltr'><strong>in</strong></span> <span class='ocrx_word' id='word_1_281' title='bbox 856 2391 996 2425; x_wconf 81' lang='lat' dir='ltr'><strong>Remlic.</strong></span> <span class='ocrx_word' id='word_1_282' title='bbox 1026 2390 1315 2426; x_wconf 72' lang='lat' dir='ltr'><strong>(lell&#39;Accademia</strong></span> <span class='ocrx_word' id='word_1_283' title='bbox 1342 2390 1423 2425; x_wconf 79' lang='lat' dir='ltr'><strong>delle</strong></span> <span class='ocrx_word' id='word_1_284' title='bbox 1453 2390 1560 2425; x_wconf 68' lang='lat' dir='ltr'><strong>Scien.</strong></span> <span class='ocrx_word' id='word_1_285' title='bbox 1588 2388 1624 2422; x_wconf 78' lang='lat' dir='ltr'><strong>di</strong></span> <span class='ocrx_word' id='word_1_286' title='bbox 1645 2386 1775 2435; x_wconf 77' lang='lat' dir='ltr'><strong>Napoli</strong></span> 
     </span>
     <span class='ocr_line' id='line_1_35' title="bbox 252 2446 1122 2498; baseline 0.007 -19"><span class='ocrx_word' id='word_1_287' title='bbox 252 2446 310 2480; x_wconf 84' lang='lat' dir='ltr'><strong>vol.</strong></span> <span class='ocrx_word' id='word_1_288' title='bbox 339 2447 367 2481; x_wconf 90' lang='lat' dir='ltr'><strong><em>I</em></strong></span> <span class='ocrx_word' id='word_1_289' title='bbox 378 2461 418 2496; x_wconf 79' lang='lat' dir='ltr'><strong>p.</strong></span> <span class='ocrx_word' id='word_1_290' title='bbox 444 2450 481 2484; x_wconf 71' lang='lat'><strong>54</strong></span> <span class='ocrx_word' id='word_1_291' title='bbox 507 2464 548 2483; x_wconf 81' lang='lat' dir='ltr'><strong>ex</strong></span> <span class='ocrx_word' id='word_1_292' title='bbox 575 2451 716 2498; x_wconf 70' lang='lat' dir='ltr'><strong>exempl.</strong></span> <span class='ocrx_word' id='word_1_293' title='bbox 743 2456 777 2484; x_wconf 81' lang='lat' dir='ltr'><strong>iu</strong></span> <span class='ocrx_word' id='word_1_294' title='bbox 804 2449 894 2485; x_wconf 78' lang='lat' dir='ltr'><strong>herb.</strong></span> <span class='ocrx_word' id='word_1_295' title='bbox 924 2449 1122 2485; x_wconf 63' lang='lat' dir='ltr'><strong>Liebmamz.</strong></span> 
     </span>
    </p>
   </div>
   <div class='ocr_carea' id='block_1_10' title="bbox 181 2512 1775 2619">
    <p class='ocr_par' dir='ltr' id='par_1_10' title="bbox 181 2512 1775 2619">
     <span class='ocr_line' id='line_1_36' title="bbox 181 2512 1775 2564; baseline 0.002 -19"><span class='ocrx_word' id='word_1_296' title='bbox 181 2512 349 2547; x_wconf 72' lang='lat' dir='ltr'><strong>Fumaria</strong></span> <span class='ocrx_word' id='word_1_297' title='bbox 377 2517 571 2563; x_wconf 74' lang='lat' dir='ltr'><strong>capreolum</strong></span> <span class='ocrx_word' id='word_1_298' title='bbox 598 2515 634 2557; x_wconf 71' lang='grc'><strong>,8.</strong></span> <span class='ocrx_word' id='word_1_299' title='bbox 662 2517 787 2553; x_wconf 83' lang='lat' dir='ltr'><strong>Parlat.</strong></span> <span class='ocrx_word' id='word_1_300' title='bbox 825 2520 920 2553; x_wconf 72' lang='lat' dir='ltr'><strong>Illon.</strong></span> <span class='ocrx_word' id='word_1_301' title='bbox 952 2519 1053 2553; x_wconf 83' lang='lat' dir='ltr'><strong>Fum.</strong></span> <span class='ocrx_word' id='word_1_302' title='bbox 1085 2523 1119 2553; x_wconf 80' lang='lat' dir='ltr'><strong>in</strong></span> <span class='ocrx_word' id='word_1_303' title='bbox 1150 2523 1263 2564; x_wconf 73' lang='lat' dir='ltr'><strong>giorn.</strong></span> <span class='ocrx_word' id='word_1_304' title='bbox 1296 2516 1358 2552; x_wconf 84' lang='lat' dir='ltr'><em>bot.</em></span> <span class='ocrx_word' id='word_1_305' title='bbox 1385 2516 1458 2552; x_wconf 67' lang='lat' dir='ltr'><strong>ital.</strong></span> <span class='ocrx_word' id='word_1_306' title='bbox 1488 2519 1564 2552; x_wconf 68' lang='lat'><strong>1844</strong></span> <span class='ocrx_word' id='word_1_307' title='bbox 1586 2528 1627 2563; x_wconf 78' lang='lat' dir='ltr'><strong>p.</strong></span> <span class='ocrx_word' id='word_1_308' title='bbox 1653 2517 1709 2549; x_wconf 68' lang='lat'><strong>449</strong></span> <span class='ocrx_word' id='word_1_309' title='bbox 1732 2525 1775 2547; x_wconf 70' lang='lat' dir='ltr'><strong>ex·</strong></span> 
     </span>
     <span class='ocr_line' id='line_1_37' title="bbox 255 2573 735 2619; baseline 0.017 -16"><span class='ocrx_word' id='word_1_310' title='bbox 255 2573 394 2619; x_wconf 69' lang='lat' dir='ltr'><strong>exempl.</strong></span> <span class='ocrx_word' id='word_1_311' title='bbox 419 2579 453 2608; x_wconf 88' lang='lat' dir='ltr'><strong>in</strong></span> <span class='ocrx_word' id='word_1_312' title='bbox 477 2574 566 2610; x_wconf 85' lang='lat' dir='ltr'><strong>herb.</strong></span> <span class='ocrx_word' id='word_1_313' title='bbox 596 2576 735 2611; x_wconf 80' lang='lat' dir='ltr'><strong>Sonder.</strong></span> 
     </span>
    </p>
   </div>
   <div class='ocr_carea' id='block_1_11' title="bbox 181 2647 1605 2735">
    <p class='ocr_par' dir='ltr' id='par_1_11' title="bbox 181 2647 1605 2735">
     <span class='ocr_line' id='line_1_38' title="bbox 181 2647 616 2688; baseline 0.014 -6"><span class='ocrx_word' id='word_1_314' title='bbox 181 2647 273 2683; x_wconf 80' lang='lat' dir='ltr'><strong>Icon.</strong></span> <span class='ocrx_word' id='word_1_315' title='bbox 304 2647 430 2685; x_wconf 81' lang='lat' dir='ltr'><strong>Nostra</strong></span> <span class='ocrx_word' id='word_1_316' title='bbox 457 2651 545 2687; x_wconf 84' lang='lat' dir='ltr'><strong>Tab.</strong></span> <span class='ocrx_word' id='word_1_317' title='bbox 571 2652 616 2688; x_wconf 88' lang='lat' dir='ltr'><strong>V.</strong></span> 
     </span>
     <span class='ocr_line' id='line_1_39' title="bbox 1531 2701 1605 2735; baseline -0.027 0"><span class='ocrx_word' id='word_1_318' title='bbox 1531 2701 1605 2735; x_wconf 84' lang='lat' dir='ltr'><strong>38a</strong></span> 
     </span>
    </p>
   </div>
  </div>
 </body>
</html>
