2435 3188
1651 242 1733 283 323

187 352 331 386 auctoris
361 364 377 384 a
404 349 598 387 BOBARTQ
626 348 721 389 edita,
749 347 830 383 duas
858 348 1001 383 distinxit
1022 348 1163 394 species,
1191 346 1324 381 alteram
1341 347 1615 394 IlIuscqfvmgum
1633 349 1786 383 corallvi-

187 411 260 445 (lem
275 411 539 455 fruticosiorem
565 415 598 442 et
620 407 849 453 lignosiorem,
884 406 1017 440 alteram
1046 406 1321 452 Musafimgum
1354 407 1566 441 coralloidem
1592 415 1784 442 terrestrem

188 470 285 503 dense
311 468 543 514 rami'ficatmn
570 470 737 499 cinereum
764 474 797 499 ec
822 465 924 500 veluti
953 470 1183 500 incrustatum
1218 464 1455 510 Norz'egz‘cum.
1509 464 1601 499 Illum
1630 478 1705 500 esse
1733 466 1784 501 St.

188 528 394 562 denudatum
420 525 522 573 figura
546 525 623 559 satis
653 525 737 559 bona
765 524 884 563 doceb,
918 523 987 565 hic,
1022 525 1076 571 qui
1102 524 1213 558 verbis
1239 524 1341 559 allatis
1369 523 1472 559 modo
1497 531 1784 566 commemoratur,

187 587 284 621 dubia
313 585 442 633 quidem
470 589 590 624 movet,
609 582 669 618 sed
696 582 825 618 videtur
852 596 927 618 esse
958 583 1009 618 St.
1030 591 1256 618 tomenlosum.

336 673 369 708 In
398 675 561 708 volumine
587 674 735 709 secundo
763 675 917 709 rarissimi
946 674 1029 709 illius
1058 675 1139 715 libri,
1167 676 1221 722 qui
1245 675 1430 709 nominatur
1455 674 1647 709 PETWERI
1676 674 1785 709 Gazo-

179 734 382 783 phylacwm
409 733 570 768 Naturae
592 741 626 768 et
652 733 753 768 Artis
781 732 1007 781 (MDCCII),
1034 733 1216 769 delineatur
1245 739 1278 769 et
1306 733 1504 768 describitur
1530 732 1649 767 deinde
1675 733 1784 781 planta

184 795 245 828 sub
272 793 401 827 nomine
436 791 630 827 Coralliuae
656 792 794 840 alpinae
827 793 923 828 valde
960 798 1103 841 crispae,
1146 805 1230 840 quae
1270 792 1452 827 secundum
1493 805 1607 827 eorum
1649 791 1785 838 judicia,

184 853 302 900 quibus
331 852 449 885 licitum
478 850 535 884 suit
561 850 647 885 bunc
675 851 791 885 librum
819 853 999 900 inspicere,
1027 858 1077 886 est
1106 851 1156 886 St.
1185 851 1341 899 alpinum
1367 849 1467 885 Laur.
1524 849 1676 885 Eandem
1701 863 1784 898 quo-

183 924 247 959 que
275 912 409 957 stirpem
434 909 620 944 indefessus
647 909 699 944 ille
726 916 860 946 naturae
886 917 1047 946 scrutator
1074 910 1388 946 SCHEUCHZERUS
1423 910 1452 944 in
1486 910 1599 944 itInere
1635 909 1782 944 secundo

183 984 243 1018 per
269 970 360 1017 alpes
391 967 564 1003 Helvetiae
594 967 792 1003 MDCCHI
829 976 965 1017 peracto
1005 971 1126 1004 invenit
1153 982 1341 1017 nomenque
1370 970 1398 1003 ei
1425 969 1584 1016 imposuit
1623 968 1782 1003 Liclzem's

183 1029 293 1076 alpini
317 1028 437 1073 glauci
463 1033 588 1061 ramosi
617 1026 800 1074 botryoia'is
829 1030 858 1062 in
888 1042 993 1076 opere
1019 1029 1089 1063 illo:
1127 1033 1345 1072 Οὐρεσιφοίιης
1378 1027 1570 1062 Helveticus
1597 1041 1620 1062 s.
1651 1032 1783 1062 itineris

180 1089 290 1136 alfiani
316 1088 504 1134 descriptio.
557 1085 692 1133 Figura,
719 1100 815 1134 quam
841 1087 904 1122 lioc
932 1087 1007 1122 loco
1037 1087 1142 1128 tradit,
1167 1088 1251 1123 adeo
1279 1094 1385 1122 tamen
1408 1093 1459 1121 est
1478 1100 1588 1134 prava,
1616 1093 1650 1121 ut
1677 1087 1718 1122 de
1744 1100 1781 1122 ea

180 1146 255 1182 nihil
284 1147 451 1194 possimus
476 1145 666 1191 dijudicare,
693 1146 753 1181 sed
780 1146 967 1181 herbarium
994 1148 1066 1193 ejus
1090 1147 1197 1182 adhuc
1217 1152 1332 1188 exstat,
1357 1152 1392 1180 ut
1418 1145 1460 1180 de
1489 1159 1564 1181 vera
1585 1145 1782 1181 determina-

180 1207 266 1240 tione
294 1205 390 1249 hujus
418 1204 547 1252 plantae
573 1204 694 1238 nullum
721 1211 823 1240 restet
851 1205 984 1240 dubium
1001 1205 1041 1253 *).

330 1282 375 1317 Ut
401 1284 462 1328 jani
490 1282 637 1325 diximus,
665 1283 746 1317 (luas
774 1284 906 1330 species
931 1284 1076 1318 distinxit
1103 1283 1322 1324 Morisonius,
1349 1296 1446 1331 quem
1475 1284 1593 1319 ducem
1621 1287 1781 1333 perpauci

180 1343 233 1377 vel
259 1342 334 1377 nulli
361 1349 469 1376 tamen
497 1343 601 1377 secuti
627 1349 710 1376 sunt.
774 1341 908 1377 Exstitit
934 1343 1065 1377 tandem
1093 1342 1332 1383 MICHELHJS,
1362 1343 1411 1377 vir
1437 1345 1507 1378 acie
1535 1345 1655 1392 ingenii
1683 1351 1782 1392 atque

177 1401 324 1436 doctrina
353 1414 566 1448 summopere
590 1402 742 1449 insignis,
782 1402 835 1448 qui
863 1403 892 1436 in
918 1402 1058 1437 classico
1086 1402 1139 1436 illo
1166 1402 1251 1436 libro
1280 1402 1480 1450 optimisque
1508 1402 1621 1451 figuris
1648 1410 1780 1439 ornato:

177 1460 273 1495 Nom
297 1474 424 1506 genera
463 1460 670 1495 Plantarum
699 1458 1009 1507 (MDCCXXIX)
1037 1467 1178 1508 quatuor
1215 1459 1359 1495 distinxit
1385 1463 1526 1508 species.
1590 1461 1686 1500 Quae
1709 1463 1779 1498 suo—

177 1526 265 1554 runt:
298 1523 330 1563 1)
358 1519 485 1553 Lichen
512 1525 662 1554 cinereus
678 1519 880 1565 frutico-cus
905 1526 985 1561 etc„
1013 1519 1195 1554 secundum
1210 1520 1391 1567 specimina
1410 1521 1536 1568 anglica
1562 1534 1579 1555 a
1606 1520 1778 1558 Sherardo

177 1581 274 1614 missa
312 1578 544 1613 determinatus
576 1584 608 1612 et
640 1578 776 1612 formam
813 1579 890 1613 satis
936 1579 1100 1613 excelsam
1134 1578 1186 1613 St.
1215 1579 1379 1614 denudati
1410 1580 1546 1619 sistens,
1584 1581 1623 1627 2)
1650 1581 1777 1616 Licherz

175 1638 336 1673 saxatilis
362 1642 512 1671 cinereus
540 1643 602 1672 etc.
628 1652 654 1672 s.
686 1638 738 1672 St.
767 1642 984 1672 vesuviamcm
1012 1637 1124 1678 Pers,
1151 1638 1193 1672 ab
1223 1643 1358 1673 auctore
1383 1639 1488 1685 prima
1517 1640 1589 1675 vice
1610 1641 1776 1676 inventum

177 1698 206 1731 in
234 1703 343 1731 monte
372 1697 456 1730 arcis
492 1695 687 1731 Radicofani
712 1695 838 1737 Italiae·‚
878 1696 916 1743 3)
943 1696 1071 1731 Lichen
1099 1696 1239 1744 alpinus
1263 1697 1412 1743 glaucus
1440 1703 1502 1732 etc.
1532 1696 1777 1741 Scheuchzeri‚

177 1757 230 1803 qui
256 1768 388 1803 quoque
415 1756 585 1802 specimen
612 1756 865 1790 communicavit
896 1755 992 1802 hujus
1031 1755 1179 1803 plautae,
1217 1769 1302 1804 quae
1334 1762 1385 1791 est
1418 1758 1572 1792 minutum
1608 1759 1777 1806 exemplar

177 1815 227 1850 St.
256 1815 365 1863 alpini
390 1812 490 1848 Laur.
522 1815 557 1859 (l.
583 1827 649 1849 var.
684 1816 755 1861 ejus
793 1813 940 1862 botryosz'
974 1814 1092 1861 Ach.)·,
1134 1815 1173 1861 4)
1199 1814 1329 1849 Lichen
1370 1822 1543 1851 terrestris
1576 1818 1776 1863 fruticosus

176 1880 237 1909 etc.
265 1888 289 1908 s.
320 1874 369 1908 St.
395 1886 523 1907 nanum
551 1872 636 1907 Ach.
692 1872 820 1908 Omnes
848 1873 906 1908 has
934 1875 1066 1921 species
1094 1873 1205 1921 figuris
1233 1874 1401 1909 illustravit
1429 1876 1542 1916 bonis;
1572 1882 1605 1911 et
1644 1876 1775 1924 quidem

175 1932 317 1967 indolem
341 1931 391 1966 St.
414 1937 584 1967 vesuvium
609 1937 755 1979 uanique
790 1932 874 1967 adeo
903 1933 1083 1980 expressit,
1124 1939 1158 1967 ut
1187 1934 1239 1967 vix
1268 1933 1499 1977 crederemus,
1537 1949 1612 1971 eum
1639 1936 1681 1971 ab
1710 1936 1774 1970 ullo

175 2004 250 2026 esse
275 1997 472 2038 superatum.

318 2062 396 2097 Non
424 2068 530 2098 tamen
558 2062 614 2097 diu
644 2068 783 2110 quatuor
808 2062 856 2097 bis
883 2063 1062 2110 speciebus
1094 2062 1284 2111 dignitatem
1317 2064 1508 2111 specificam
1546 2077 1679 2099 servare
1706 2065 1774 2100 lici-

173 2126 236 2154 tum
258 2128 334 2162 erat,
359 2135 431 2156 nain
447 2123 567 2156 exstitit
581 2123 704 2169 patriae
720 2128 852 2156 nostrae
870 2135 1032 2156 summum
1048 2122 1160 2163 decus,
1188 2121 1400 2163 LINNAEUS,
1429 2124 1492 2170 qui,
1517 2135 1616 2170 quum
1633 2137 1771 2158 nomen-

171 2179 322 2214 claturam
352 2181 530 2228 plantarum
559 2180 751 2215 reformaret
778 2180 991 2228 habitumque
1020 2181 1107 2215 velut
1133 2183 1305 2217 universae
1334 2183 1379 2217 rei
1413 2181 1584 2216 herbariae
1616 2189 1769 2224 mutaret,

172 2239 277 2272 onmia
314 2240 373 2273 sibi
408 2241 538 2287 cognita
572 2253 755 2288 synonyma
789 2241 819 2273 in
853 2241 1001 2287 speciem
1028 2253 1119 2274 suam
1147 2240 1307 2274 Lichemsss
1334 2240 1430 2274 caule
1458 2254 1590 2274 ramoso
1614 2249 1675 2276 etc.
1703 2241 1771 2286 (Fl.

172 2294 278 2343 Lapp.
297 2296 638 2343 MDCCXXXVH)
663 2300 731 2333 sive
751 2298 847 2333 Lich.
869 2299 1077 2344 fruticulosi
1105 2305 1167 2333 etc.
1196 2298 1261 2344 tFl.
1289 2298 1349 2333 Su.
1373 2299 1425 2334 ed.
1444 2299 1467 2333 I.
1498 2298 1767 2347 MDCCXLV)

172 2355 349 2389 cumulatus
380 2363 438 2398 est,
467 2358 516 2391 cui
545 2356 663 2391 deinde
690 2359 719 2391 in
748 2356 851 2404 Spec.
882 2358 980 2405 plant.
1012 2356 1275 2403 (MDCCLIII)
1299 2359 1584 2406 sequentibusque
1608 2360 1767 2407 operibus

172 2412 323 2459 imposuit
350 2427 467 2450 nomen
496 2415 653 2449 Licheuis
687 2417 871 2463 paschalis.
937 2416 1097 2454 Quamvis
1125 2418 1221 2464 igitur
1261 2430 1443 2465 synonyma
1483 2418 1589 2452 varias
1618 2425 1770 2466 spectent

173 2473 317 2516 species,
345 2485 403 2518 pro
434 2480 523 2508 certo
540 2475 635 2509 nobis
652 2475 810 2510 babemus
825 2489 1034 2523 persuasum,
1063 2489 1151 2517 eum,
1180 2476 1305 2510 utiusra
1323 2477 1467 2523 probare
1484 2478 1688 2519 conabimur,
1716 2479 1768 2512 vix

172 2528 254 2562 aliud
281 2542 374 2576 quam
403 2539 545 2567 nostrum
570 2533 619 2568 St.
643 2534 808 2581 paschale
835 2541 908 2569 ante
935 2535 1050 2569 oculos
1076 2534 1240 2570 babuisse.
1280 2556 1325 2561 —
1369 2533 1497 2569 Interea
1526 2535 1609 2571 hanc
1636 2543 1768 2572 senten-

275 2622 294 2652 ')
313 2622 429 2647 Scisti-21³.
448 2623 539 2650 Enum.
559 2625 612 2650 crit.
632 2635 656 2659 p.
677 2626 730 2651 182.
