2435 3188
1619 262 1699 303 261

303 377 360 415 Ille
386 379 416 414 in
455 374 600 412 Linnaea
642 375 736 412 1833
765 388 797 424 p.
827 375 911 411 401.
941 381 1002 409 etc.
1029 372 1222 408 sententiam
1250 385 1342 407 suam
1374 372 1551 419 proposuit
1616 369 1648 404 Is
1667 371 1751 405 enim

159 439 268 489 phylla
293 438 358 473 duo
388 442 532 472 extrema
559 448 621 482 pro
648 435 800 475 bracteis,
827 433 878 468 his
905 433 1054 480 proxima
1079 438 1111 467 et
1136 444 1210 466 cum
1239 430 1288 466 his
1321 430 1509 465 alternantia
1544 429 1653 477 phylla
1690 442 1751 476 pro

159 498 278 546 sepalis
304 502 336 532 et
358 495 423 530 duo
449 494 601 529 interiora
625 493 747 543 phylla,
774 506 848 528 cum
877 492 1036 539 proximis
1061 491 1259 530 alternantia,
1285 503 1346 537 pro
1373 489 1490 536 petalis
1507 488 1614 522 habet.
1654 486 1753 521 Putat

158 556 240 592 baec
274 554 395 602 singula
435 552 543 600 petala
588 565 630 587 ex
671 552 804 587 duobus
844 551 962 599 petalis
995 563 1071 585 esse
1100 555 1238 584 connata
1264 548 1364 596 idque
1390 547 1585 595 imperfecto
1616 548 1753 581 stamine

159 614 318 650 mediante
343 612 460 647 sactum
488 624 573 646 esse.
626 610 664 645 Id
688 612 794 658 igitur,
821 609 911 657 quod
935 608 1023 650 dixit,
1049 614 1229 656 sequentes
1259 606 1477 656 periauthium
1512 620 1552 641 ex
1579 605 1628 639 his
1654 606 1752 639 verti-

158 673 236 708 cillis
262 672 441 707 consistere
467 676 598 718 putant:
630 672 731 717 1:1110)
759 667 891 704 duabus
917 666 1080 709 bracteis,
1107 681 1182 702 cum
1211 667 1331 715 quibus
1359 666 1534 700 alternant:
1562 664 1659 711 2³10)
1688 665 1752 698 (luo

157 731 280 780 sepala,
309 743 447 778 quorum
470 729 606 764 alterum
634 729 682 775 (in
708 741 832 776 genere
864 727 949 762 affini
981 727 1148 761 Dicentra
1175 726 1225 760 vel
1257 726 1417 772 Dielytra
1437 738 1464 759 c.
1489 724 1532 772 pl.
1560 728 1751 770 utrumque)

157 789 198 825 ad
224 790 313 825 basin
342 794 391 824 est
419 787 624 828 calcaratum,
660 800 734 822 cum
765 788 885 834 quibus
920 787 1086 827 alternant,
1115 785 1210 830 3ztio)
1244 792 1407 832 quattuor
1440 784 1570 832 petala,
1613 796 1752 830 quorum

157 849 230 884 bina
257 853 330 882 sunt
363 852 516 888 connata,
557 845 643 892 42t0)
670 853 834 893 quattuor
873 844 1086 886 staminibus,
1124 844 1267 879 antberis
1295 843 1530 879 bilocularibus
1570 843 1752 882 instructis,

156 920 293 955 quorum
322 906 493 941 staminum
521 904 638 952 singuli
665 917 739 939 cum
768 904 900 939 duobus
928 905 1045 952 petalis
1073 903 1275 944 coaluerunt,
1300 904 1383 937 inter
1411 915 1495 950 quae
1522 908 1596 936 sunt
1623 902 1753 941 inserta,

153 978 333 1013 eorumque
353 964 560 999 coalitionem
589 963 769 998 effecerunt
794 970 826 998 et
855 962 939 1011 52to)
965 971 1128 1010 quattuor
1153 961 1373 1003 staminibus,
1417 961 1560 996 antheris
1605 960 1752 994 uniloeu-

154 1025 273 1080 laribus
293 1024 466 1065 instructis,
492 1035 577 1071 quae
602 1028 757 1070 quattuor
784 1022 900 1070 petalis
928 1028 1002 1057 suut
1030 1023 1196 1070 opposita.

299 1094 405 1130 Etiam
445 1094 529 1129 haec
565 1094 740 1142 explicatio
777 1094 1025 1141 comparatione
1066 1093 1220 1141 Hypecoi
1251 1093 1375 1132 nititur,
1417 1090 1477 1126 sed
1512 1104 1611 1139 quum
1649 1091 1753 1137 magis

154 1155 314 1204 implicata
338 1155 386 1196 sit,
413 1167 484 1188 mea
512 1154 672 1188 sententia
700 1152 782 1187 haec
805 1152 980 1199 explicatio
1011 1153 1110 1200 priori
1139 1158 1189 1187 est
1217 1150 1461 1199 postponenda.

304 1230 338 1266 A
363 1229 526 1265 KRAUSE
553 1231 584 1264 in
619 1228 842 1265 »Botanisclie
872 1229 1033 1277 Zeitung«
1069 1229 1110 1264 de
1135 1231 1374 1278 progressione
1403 1229 1491 1264 [loris
1518 1228 1753 1264 Fumariacea-

155 1305 225 1327 rum
251 1290 333 1326 haec
360 1291 531 1338 proposita
564 1295 652 1331 sunt,
678 1302 763 1337 quae
789 1289 937 1324 afferam:
970 1289 1135 1324 tenerrimi
1172 1288 1325 1336 pedicelli
1359 1288 1551 1323 Fumaressae
1582 1287 1753 1334 cujusdam

154 1351 207 1386 vel
237 1348 415 1397 Corydalis
440 1349 471 1383 iu
499 1348 602 1384 axillis
629 1349 836 1383 bractearum
863 1348 984 1383 liabent
1012 1348 1211 1382 alabastrum
1238 1347 1417 1395 globosum
1446 1348 1498 1382 vel
1526 1347 1631 1387 ovale,
1659 1348 1753 1394 apice

154 1409 347 1458 plerumque
373 1408 571 1455 aliquantum
599 1409 845 1455 emarginatum,
869 1421 910 1442 ex
939 1420 1015 1455 quo,
1050 1407 1279 1454 praeterlapso
1308 1407 1452 1455 quodam
1485 1413 1645 1454 tempore,
1673 1406 1753 1441 ilex<

153 1474 293 1504 trorsum
320 1474 352 1503 et
377 1468 599 1502 sinistrorsum
627 1480 644 1501 a
672 1467 804 1502 bractea
836 1466 902 1501 duo
931 1479 1031 1514 parva
1064 1466 1192 1515 phylla,
1232 1466 1366 1513 sepulta,
1408 1466 1604 1513 prominent.
1665 1464 1753 1499 Tum

154 1533 281 1563 exstant
307 1526 372 1561 duo
401 1539 475 1560 cum
498 1526 665 1574 prioribus
690 1526 876 1560 alternantia
906 1525 1027 1575 pliylla,
1048 1526 1181 1573 petala,
1209 1538 1303 1572 quae,
1329 1525 1433 1572 qualis
1460 1538 1548 1559 nunc
1576 1530 1626 1559 est
1650 1531 1752 1559 status

154 1586 315 1635 pedicelli,
343 1598 487 1632 superne
515 1591 547 1620 et
573 1585 698 1620 inferne
724 1585 834 1619 locum
862 1598 957 1620 suum
990 1585 1121 1619 liabent.
1181 1583 1270 1619 Ante
1299 1584 1425 1631 singula
1462 1584 1574 1632 sepala
1611 1585 1752 1618 cernitur

155 1644 403 1693 corpusculum,
431 1643 522 1691 quod
548 1650 665 1692 postea
690 1645 721 1679 in
748 1652 893 1684 stamen,
932 1643 1079 1678 anthera
1115 1642 1294 1678 biloculari
1318 1648 1542 1684 instructum,
1577 1644 1754 1683 accrescit;

154 1706 250 1740 etiam
277 1709 453 1739 cernuntur
492 1708 565 1738 ante
607 1703 734 1751 singula
774 1703 881 1751 petala
910 1702 975 1737 duo
1007 1703 1222 1750 corpuscula,
1257 1704 1287 1737 in
1321 1702 1479 1737 vertit-illo
1517 1703 1640 1750 posita,
1669 1714 1754 1749 quae

154 1770 273 1812 postea
300 1762 378 1797 fiunt
417 1768 583 1803 stamina,
615 1762 768 1797 cantheris
804 1768 976 1797 instructa
1010 1759 1288 1796 meilocularibus.
1345 1760 1532 1809 Postquam
1558 1762 1653 1808 primi
1680 1774 1755 1795 ver-

155 1822 240 1857 ticilli
264 1828 337 1857 sunt
364 1821 524 1869 explicati,
552 1835 640 1869 pone
666 1821 791 1869 singula
820 1821 928 1869 petala
955 1828 988 1856 et
1014 1822 1051 1855 iis
1080 1822 1235 1868 opposita
1263 1820 1396 1868 parvula
1427 1820 1588 1868 quaedam
1617 1832 1753 1867 squama

155 1882 271 1922 oritur,
305 1893 388 1928 quae
424 1882 585 1914 accrescit
623 1886 656 1916 et
697 1880 895 1915 alabastrum
934 1880 1157 1927 amplectitur,
1201 1893 1310 1927 neque
1345 1886 1451 1914 tamen
1490 1881 1561 1926 ejus
1590 1880 1752 1926 margines

157 1939 309 1974 omnibus
340 1939 487 1986 partibus
519 1952 555 1974 se
594 1940 734 1974 invicem
772 1940 948 1986 attingunt·⁷
993 1952 1078 1986 quae
1119 1952 1276 1986 squamae
1317 1939 1513 1987 plerumque
1542 1951 1602 1985 pro
1632 1938 1753 1986 sepalis

156 1997 325 2038 habentur,
353 2010 550 2046 quamquam
576 1999 755 2046 perspicue
780 1998 855 2033 nihil
889 1997 975 2032 aliud
1009 2011 1106 2045 quam
1137 1997 1293 2033 bracteas
1320 1998 1472 2033 efficiunt.
1523 1996 1610 2031 Tum
1638 2010 1753 2031 excre-

156 2058 218 2092 scit
243 2056 349 2091 calcar
374 2057 405 2090 in
430 2056 524 2091 laevo
546 2058 599 2092 vel
626 2057 763 2092 dextero
780 2057 906 2105 sepalo,
934 2063 966 2092 et
996 2057 1179 2105 pedicellus
1206 2058 1247 2091 ita
1275 2071 1311 2092 se
1339 2063 1480 2104 torquet,
1511 2062 1544 2090 ut
1572 2055 1635 2090 hoc
1656 2068 1754 2102 sepa-

158 2115 221 2150 lum
252 2129 442 2163 supremum
469 2115 530 2150 fiat.

306 2184 431 2220 Contra
460 2185 525 2220 hoc
562 2198 579 2219 a
616 2184 778 2222 KRAUSE
818 2187 1026 2233 propositum
1061 2184 1138 2220 nihil
1179 2185 1302 2231 objicio
1345 2193 1377 2219 et
1410 2185 1558 2231 quaestio
1588 2183 1628 2218 ad
1663 2184 1755 2230 liqui-

157 2243 233 2278 dum
277 2244 436 2292 perducta
474 2250 571 2285 esset,
609 2245 670 2279 nisi
709 2245 740 2279 in
781 2244 830 2279 his
868 2251 931 2279 tam
969 2244 1153 2279 dil'licilibus
1187 2244 1492 2291 investigationibus
1528 2243 1621 2277 facile
1656 2244 1755 2278 errari

158 2308 282 2350 posset.
334 2301 458 2350 Neque
484 2315 564 2337 vero
594 2304 707 2350 negari
734 2309 847 2351 potest
875 2304 1022 2338 mirabile
1049 2302 1151 2337 videri
1179 2308 1225 2344 et,
1254 2302 1345 2349 quod
1370 2304 1485 2342 sciam,
1516 2302 1670 2349 exemplo
1700 2315 1754 2336 ca-

159 2373 241 2401 rere,
265 2361 290 2396 si
318 2361 469 2410 epicalyx
496 2362 662 2408 posterius
690 2374 787 2409 quam
813 2363 986 2397 interiores
1016 2362 1187 2410 perianthii
1216 2368 1327 2409 partes
1355 2362 1430 2395 oriri
1459 2366 1576 2408 posset
1604 2366 1635 2395 et
1663 2374 1755 2395 suam

161 2420 429 2466 progressionem
458 2421 499 2453 ita
526 2419 736 2462 acceleraret,
773 2427 824 2462 ut,
864 2434 963 2468 quum
994 2427 1106 2468 partes
1134 2420 1286 2455 alabastri
1314 2421 1355 2454 ita
1380 2420 1600 2461 accreverInt,
1628 2426 1671 2461 ut,
1699 2420 1756 2454 ali-

161 2483 314 2523 quantum
341 2478 563 2525 amplificatae,
589 2479 735 2514 visibiles
761 2480 833 2521 sint,
861 2481 993 2514 omnino
1024 2479 1092 2515 sere
1118 2479 1316 2514 alabastrum
1343 2478 1517 2513 includant.

307 2553 495 2590 Fructus
523 2555 783 2597 subrotuudus‚
812 2556 1027 2605 aliquantum
1055 2569 1301 2605 compressus,
1330 2556 1431 2605 apice
1462 2555 1673 2592 rotundatas
1700 2555 1756 2591 vel

166 2610 369 2658 apiculatus,
396 2613 514 2649 nervis
541 2619 638 2650 caret
663 2617 698 2650 et
724 2613 953 2650 indehiscens
984 2620 1038 2651 est
1071 2615 1321 2664 (carpophylla
1347 2620 1416 2651 tam
1444 2620 1540 2650 arcte
1566 2618 1648 2650 suut
1672 2627 1758 2649 con-
