2435 3188
1681 242 1731 283 ’71

198 352 332 399 longius,
360 348 526 384 latitudine
553 361 659 397 usque
685 348 725 382 ad
756 348 794 395 'ss
825 345 1047 393 longitudinis,
1074 346 1254 382 tuberculis
1282 345 1415 382 duobus
1442 346 1664 383 humeralibus
1698 362 1787 384 cras-

196 411 247 452 sis,
271 408 495 450 sub-obtusis,
527 420 635 443 aream
672 408 874 453 interjectam
902 417 1018 452 parum
1055 405 1298 453 superantibus,
1334 406 1419 440 inter
1445 412 1478 441 et
1504 412 1579 441 ante
1618 407 1786 442 tubercula

196 467 482 516 sub-depressum,
512 479 630 508 aream,
660 478 756 513 quam
783 463 1130 500 ante-tubercularem
1160 477 1281 500 vocare
1295 464 1400 506 liceat,
1427 465 1458 499 in
1474 464 1786 512 cephalothoracem

192 539 326 576 pronam
341 526 502 574 figurans3
530 539 606 560 mox
620 537 708 572 pone
724 523 894 559 tubercula
911 524 1007 559 etiam
1024 523 1248 572 sub-planum,
1275 524 1406 571 postice
1432 529 1465 558 et
1489 524 1520 558 in
1548 523 1704 560 lateribus
1731 538 1784 560 ae-

191 599 254 635 que
281 598 460 627 convexus,
486 585 548 620 sub
574 583 753 619 tuberculis
781 595 862 618 vero
891 583 959 619 sere
986 582 1271 631 perpendicularis
1346 581 1457 617 Multo
1490 583 1605 625 minus,
1632 597 1785 631 praeser-

189 647 243 680 tim
268 645 447 692 angustius,
464 651 549 692 post
565 650 715 691 partum
741 642 859 683 evadit,
883 642 1063 678 tuberculis
1080 642 1302 677 humeralibus
1320 642 1556 677 obtusioribus.
1583 663 1628 667 —
1656 641 1785 677 Subtus

189 706 218 739 in
243 705 389 751 margine
406 704 505 738 rimae
520 702 669 750 genitalis
696 701 789 736 affixa
814 707 865 737 est
888 703 1093 751 epigyne,
1121 715 1139 737 e
1168 714 1308 750 corpore
1320 714 1451 749 magno,
1480 700 1783 749 sub-quadrilatero

187 775 259 798 cum
285 776 387 810 scapo
414 762 617 809 longissimo,
643 761 712 796 sere
734 770 770 797 ω
786 761 903 796 -formi
923 767 1094 796 constans:
1121 774 1246 809 corpvs
1273 773 1372 808 supra
1395 761 1440 795 ob
1464 760 1676 796 insertionem
1692 763 1783 809 scapi

186 827 377 858 excavatum
404 827 464 863 est,
491 820 532 855 ad
558 821 651 855 basin
681 826 869 856 transverse
905 834 1064 868 rugosum
1091 826 1123 856 et
1151 834 1212 869 per
1243 819 1481 868 longitudinem
1511 820 1727 868 impressum:
1766 834 1783 853 a

184 882 282 917 latere
308 882 493 929 inspectum
522 879 714 927 oblongum,
741 880 812 915 basi
841 880 945 922 latius,
970 881 1117 928 margine
1153 881 1326 929 superiore
1369 879 1535 927 profunde
1570 880 1783 927 emmginato,

184 942 278 989 apice
304 940 524 980 rotundatum,
550 938 699 980 nitidum;
729 939 845 974 subter
868 940 1144 987 impressionibus
1158 940 1298 982 duabus,
1326 938 1626 987 lmgitudinalibus,
1651 939 1782 987 postice

183 999 378 1036 coeuntibus
404 999 689 1046 sub-tripartitum,
718 1004 811 1046 parte
840 998 947 1033 media
974 1000 1068 1041 ovali,
1096 1000 1191 1048 apice
1219 1000 1333 1035 leviter
1364 1000 1526 1047 impressa
1560 998 1613 1033 vel
1641 999 1781 1045 emargi-

180 1064 263 1100 nata,
288 1058 396 1099 nitida,
424 1058 611 1093 lateralibus
639 1057 768 1093 duabus
796 1059 1053 1106 angustioribus,
1081 1059 1218 1107 figuram
1246 1059 1321 1094 ferri
1349 1059 1468 1107 equini,
1496 1057 1637 1093 mediam
1653 1064 1780 1105 partem

181 1124 269 1154 arcte
296 1118 465 1166 cingentis,
492 1116 720 1152 reserentibus.
787 1116 1047 1153 Observandum
1075 1124 1183 1154 tamen
1215 1124 1275 1160 est,
1302 1120 1333 1153 in
1360 1121 1377 1154 2
1400 1132 1473 1153 zvar.
1501 1124 1529 1163 β,
1558 1130 1655 1165 quam
1683 1130 1778 1151 unam

180 1183 300 1213 tantum
327 1177 468 1212 adultam
494 1176 665 1224 possideO,
691 1176 750 1211 has
777 1182 889 1224 partes
912 1178 943 1212 in
970 1177 1110 1213 mediam
1134 1178 1245 1226 paullo
1275 1178 1447 1219 inclinare,
1477 1191 1578 1225 quum
1601 1177 1631 1212 in
1660 1190 1732 1211 zvar.
1761 1194 1779 1210 α

179 1237 353 1286 parallelae
380 1238 458 1278 sint·‚
486 1249 571 1284 quae
598 1242 705 1271 tamen
732 1235 912 1271 differentia
930 1244 1020 1273 certe
1046 1237 1176 1272 fortuita
1200 1244 1260 1279 est,
1287 1251 1397 1286 neque
1418 1237 1514 1272 ullius
1538 1237 1695 1272 momenti
1722 1236 1779 1270 ba-

178 1296 296 1332 benda.
323 1317 371 1323 —-
396 1296 534 1345 Scapus
557 1296 626 1330 basi
664 1301 768 1337 teres,
802 1301 990 1332 transverse
1027 1310 1187 1345 rugosus,
1229 1299 1322 1345 quasi
1359 1297 1549 1338 annulatus,
1583 1296 1778 1344 praesertim

178 1356 303 1397 subter,
327 1357 357 1390 in
385 1355 495 1391 medio
522 1355 632 1403 paullo
661 1355 812 1390 dilatatus
838 1361 871 1391 et
898 1369 997 1404 supra
1026 1370 1042 1391 a
1069 1356 1178 1392 medio
1206 1370 1314 1405 usque
1343 1356 1384 1391 ad
1411 1357 1541 1404 apicem
1564 1355 1777 1390 sub-excata—

177 1422 229 1451 tus
254 1416 366 1463 ibique
396 1416 426 1450 in
454 1414 555 1450 fundo
581 1414 696 1450 leviter
719 1421 907 1451 transverse
935 1417 1083 1458 striatus3
1109 1417 1226 1452 subtus
1255 1417 1285 1451 in
1316 1415 1427 1451 medio
1453 1428 1679 1463 compressus,
1707 1416 1776 1462 api—

177 1488 248 1510 cem
273 1487 390 1510 versus
413 1487 592 1510 convexus.
621 1495 665 1500 —
693 1473 812 1509 Paullo
840 1488 930 1522 pone
955 1477 1134 1526 epigynen,
1160 1477 1190 1511 in
1219 1475 1330 1511 medio
1358 1475 1427 1511 fere
1444 1475 1632 1516 abdomine,
1658 1473 1776 1509 adsunt

177 1533 351 1571 tubercula
379 1533 455 1576 dno,
477 1533 573 1569 valde
600 1535 792 1582 conspicua,
819 1535 955 1583 oblique
977 1541 1174 1578 transversa,
1199 1536 1370 1571 interstitio
1385 1534 1496 1583 paullo
1513 1536 1648 1582 majore,
1676 1546 1773 1582 quam

176 1601 227 1631 est
255 1593 390 1628 latitudo
418 1593 589 1642 epigynes‚
617 1595 774 1640 sejuncta.
828 1592 1043 1629 Mamillae
1074 1595 1221 1637 conicae,
1250 1596 1382 1637 breves,
1409 1594 1529 1629 nullam
1555 1599 1666 1629 notam
1695 1606 1773 1641 spe-

176 1654 289 1689 cialem
317 1652 486 1700 praebent.

320 1777 353 1814 0⁷¹
382 1771 537 1815 (Variet-
567 1772 603 1817 Ὺ)
632 1784 648 1804 a
678 1770 795 1806 semina
822 1773 907 1808 notis
930 1774 1147 1821 sequentibus
1175 1772 1290 1808 differt.
1344 1771 1545 1821 Magnitudo
1573 1772 1680 1807 minor
1706 1775 1770 1804 est:

175 1828 526 1877 Cephalothorax
550 1830 679 1865 circiter
702 1831 770 1878 4¹4,
804 1832 923 1867 millim.
947 1833 1077 1881 longus,
1102 1833 1270 1868 latitudine
1303 1834 1443 1868 maxima
1465 1855 1496 1866 =
1524 1832 1562 1879 ³4
1594 1828 1771 1877 longitudi-

172 1890 237 1929 nis3
260 1888 370 1936 paullo
399 1890 502 1936 magis
530 1902 709 1931 convexus,
737 1890 1013 1938 impressionibus
1029 1892 1208 1940 cephalicis
1223 1894 1277 1928 vix
1293 1893 1499 1940 conspicuis;
1516 1898 1626 1939 parte
1649 1887 1770 1937 cepha-

172 1948 239 1983 lica
265 1948 463 1983 sub-conice
490 1948 662 1996 producta,
686 1950 770 1984 inter
797 1950 914 1986 oculos
940 1951 1072 1999 longius
1099 1957 1221 1993 setosa,
1250 1951 1365 1986 frontis
1389 1951 1556 1986 latitudine
1580 1972 1610 1983 z
1643 1949 1679 1996 ¹l3
1701 1948 1768 1982 lati-

173 2006 290 2041 tudinis
317 2008 476 2042 maximae
504 2010 603 2042 totius
627 2008 931 2056 cephalothoracis3
952 2016 1075 2060 partis
1100 2011 1293 2046 thracicae
1309 2010 1412 2046 forma
1430 2011 1601 2051 ob-ovata‚
1630 2008 1767 2056 depres-

171 2066 263 2100 sione
288 2066 415 2113 postica
444 2068 548 2101 minus
583 2080 757 2115 expressa;
798 2069 934 2105 latitudo
966 2072 1038 2117 ejus
1064 2072 1203 2106 maxima
1237 2071 1346 2118 paullo
1367 2084 1458 2119 pone
1499 2068 1604 2116 pedes
1632 2065 1768 2103 secundi

170 2126 258 2172 paris
285 2127 375 2170 (non,
401 2131 434 2159 ut
461 2139 510 2161 ex.
536 2140 584 2174 gr.
614 2128 644 2161 in
673 2128 741 2176 Ep.
770 2129 966 2165 diademata
994 2136 1026 2165 et
1053 2129 1197 2171 bicorni,
1236 2138 1315 2165 ante
1352 2129 1414 2164 hos
1445 2128 1568 2176 pedes)
1598 2127 1767 2161 invenitur.

172 2183 294 2218 Oculi
323 2183 481 2219 laterales
508 2185 610 2220 multo
634 2199 723 2234 pone
752 2189 875 2223 medios
902 2190 932 2223 in
958 2189 1131 2224 tuberculo
1164 2189 1260 2225 valde
1302 2189 1500 2237 prominenti
1532 2187 1592 2222 siti.
1645 2185 1767 2220 Man-

170 2243 340 2278 dibulae
367 2242 555 2286 debiliores,
581 2244 735 2281 lateribus
764 2247 999 2290 sub-curvatis,
1027 2249 1068 2283 ita
1095 2255 1130 2283 ut
1157 2249 1340 2284 communis
1371 2260 1482 2283 earum
1524 2245 1660 2281 latitudo
1696 2245 1768 2280 basi

170 2309 204 2338 et
227 2303 321 2350 apice
346 2303 451 2349 major
469 2304 518 2345 sit,
546 2316 643 2351 quam
659 2306 687 2339 in
704 2305 831 2348 medio·⁷
856 2306 957 2342 dorso
973 2313 1076 2350 recto,
1103 2321 1167 2343 non
1192 2308 1561 2356 geniculato-convexo.
1613 2303 1767 2339 Maxil-

170 2362 234 2397 lae
260 2362 365 2396 minus
394 2373 489 2408 quam
517 2363 548 2397 in
573 2362 691 2398 semina
719 2365 914 2401 rotundatae
940 2366 1101 2402 videntur.
1166 2366 1291 2416 Palpi
1332 2368 1464 2408 breves,
1502 2366 1610 2414 pilosi,
1644 2365 1767 2399 aculeis

169 2420 277 2455 nullis:
310 2433 402 2468 pars
428 2421 617 2466 femoralis
645 2424 772 2470 apicem
805 2437 920 2460 versus
959 2439 1074 2474 parum
1107 2427 1304 2469 incrassata,
1343 2426 1502 2461 diametro
1549 2425 1624 2472 plus
1662 2422 1764 2470 duplo

170 2477 313 2526 longior,
332 2479 520 2526 patellaris
549 2482 845 2530 sub-pyramidata,
873 2485 978 2520 antice
1006 2485 1109 2527 latior,
1136 2486 1303 2521 latitudine
1332 2486 1448 2534 apicali
1475 2485 1619 2524 brevior,
1643 2482 1763 2530 angulo

169 2537 340 2584 superiore
366 2537 504 2580 elevato,
532 2545 620 2575 setas
646 2540 728 2576 duas
753 2541 962 2589 longissimas
989 2544 1170 2581 ordinarias
1197 2545 1335 2594 gerenti,
1364 2546 1484 2594 angulo
1511 2544 1664 2580 inferiore
1680 2542 1762 2576 obli-

171 2607 235 2641 que
262 2601 425 2630 truncato:
465 2596 530 2632 hoc
554 2598 629 2633 loco
657 2598 749 2633 affixa
775 2606 826 2635 est
846 2615 939 2648 pars
966 2601 1103 2644 tibialis,
1135 2618 1152 2639 a
1177 2605 1334 2640 lateribus
1374 2617 1580 2652 compressa,
1620 2614 1760 2637 cuneum
