<?xml version="1.0" encoding="UTF-8"?>
<!DOCTYPE html PUBLIC "-//W3C//DTD XHTML 1.0 Transitional//EN"
    "http://www.w3.org/TR/xhtml1/DTD/xhtml1-transitional.dtd">
<html xmlns="http://www.w3.org/1999/xhtml" xml:lang="en" lang="en">
 <head>
  <title>
</title>
<meta http-equiv="Content-Type" content="text/html;charset=utf-8" />
  <meta name='ocr-system' content='tesseract 3.04.00' />
  <meta name='ocr-capabilities' content='ocr_page ocr_carea ocr_par ocr_line ocrx_word'/>
</head>
<body>
  <div class='ocr_page' id='page_1' title='image "./novaactaregiaeso325658kung_0155.png"; bbox 0 0 2435 3188; ppageno 0'>
   <div class='ocr_carea' id='block_1_1' title="bbox 1643 249 1725 291">
    <p class='ocr_par' dir='ltr' id='par_1_1' title="bbox 1643 249 1725 291">
     <span class='ocr_line' id='line_1_1' title="bbox 1643 249 1725 291; baseline 0.024 -2"><span class='ocrx_word' id='word_1_1' title='bbox 1643 249 1725 291; x_wconf 52' lang='lat'>1413</span> 
     </span>
    </p>
   </div>
   <div class='ocr_carea' id='block_1_2' title="bbox 177 352 1781 938">
    <p class='ocr_par' dir='ltr' id='par_1_2' title="bbox 177 352 1781 938">
     <span class='ocr_line' id='line_1_2' title="bbox 183 352 1779 403; baseline -0.003 -7"><span class='ocrx_word' id='word_1_2' title='bbox 183 367 213 396; x_wconf 84' lang='lat' dir='ltr'>at</span> <span class='ocrx_word' id='word_1_3' title='bbox 239 374 256 395; x_wconf 89' lang='lat' dir='ltr'>a</span> <span class='ocrx_word' id='word_1_4' title='bbox 281 360 378 394; x_wconf 79' lang='lat' dir='ltr'>latere</span> <span class='ocrx_word' id='word_1_5' title='bbox 415 357 563 403; x_wconf 83' lang='lat' dir='ltr'>inspecta</span> <span class='ocrx_word' id='word_1_6' title='bbox 597 367 634 389; x_wconf 85' lang='lat' dir='ltr'>ea</span> <span class='ocrx_word' id='word_1_7' title='bbox 672 353 781 395; x_wconf 84' lang='lat' dir='ltr'>latior,</span> <span class='ocrx_word' id='word_1_8' title='bbox 814 352 856 387; x_wconf 90' lang='lat' dir='ltr'>ad</span> <span class='ocrx_word' id='word_1_9' title='bbox 890 353 982 388; x_wconf 87' lang='lat' dir='ltr'>basin</span> <span class='ocrx_word' id='word_1_10' title='bbox 1014 366 1115 401; x_wconf 85' lang='lat' dir='ltr'>supra</span> <span class='ocrx_word' id='word_1_11' title='bbox 1144 353 1261 388; x_wconf 81' lang='lat' dir='ltr'>calcari</span> <span class='ocrx_word' id='word_1_12' title='bbox 1288 353 1462 396; x_wconf 85' lang='lat' dir='ltr'>mediocri,</span> <span class='ocrx_word' id='word_1_13' title='bbox 1498 355 1779 398; x_wconf 80' lang='lat' dir='ltr'>sub-acuminato,</span> 
     </span>
     <span class='ocr_line' id='line_1_3' title="bbox 181 412 1780 462; baseline -0.004 -7"><span class='ocrx_word' id='word_1_14' title='bbox 181 418 342 455; x_wconf 83' lang='lat' dir='ltr'>dimidiam</span> <span class='ocrx_word' id='word_1_15' title='bbox 380 414 615 450; x_wconf 86' lang='lat' dir='ltr'>diademetrum</span> <span class='ocrx_word' id='word_1_16' title='bbox 652 413 756 460; x_wconf 87' lang='lat' dir='ltr'>ipsius</span> <span class='ocrx_word' id='word_1_17' title='bbox 793 413 917 448; x_wconf 84' lang='lat' dir='ltr'>articuli</span> <span class='ocrx_word' id='word_1_18' title='bbox 949 412 1153 460; x_wconf 79' lang='lat' dir='ltr'><strong>longitudine</strong></span> <span class='ocrx_word' id='word_1_19' title='bbox 1189 414 1371 460; x_wconf 78' lang='lat' dir='ltr'>superanti,</span> <span class='ocrx_word' id='word_1_20' title='bbox 1410 414 1579 461; x_wconf 80' lang='lat' dir='ltr'>multoque</span> <span class='ocrx_word' id='word_1_21' title='bbox 1613 415 1780 462; x_wconf 80' lang='lat' dir='ltr'>longiore,</span> 
     </span>
     <span class='ocr_line' id='line_1_4' title="bbox 181 469 1778 527; baseline -0.003 -15"><span class='ocrx_word' id='word_1_22' title='bbox 181 491 277 527; x_wconf 87' lang='lat' dir='ltr'>quam</span> <span class='ocrx_word' id='word_1_23' title='bbox 304 477 334 510; x_wconf 90' lang='lat' dir='ltr'>in</span> <span class='ocrx_word' id='word_1_24' title='bbox 360 473 405 509; x_wconf 92' lang='lat' dir='ltr'>D.</span> <span class='ocrx_word' id='word_1_25' title='bbox 432 472 665 512; x_wconf 80' lang='lat' dir='ltr'>arundinacea,</span> <span class='ocrx_word' id='word_1_26' title='bbox 699 477 850 506; x_wconf 82' lang='lat' dir='ltr'>armatus.</span> <span class='ocrx_word' id='word_1_27' title='bbox 901 469 1035 507; x_wconf 75' lang='lat' dir='ltr'>Bulbus</span> <span class='ocrx_word' id='word_1_28' title='bbox 1060 472 1189 518; x_wconf 87' lang='lat' dir='ltr'>postice</span> <span class='ocrx_word' id='word_1_29' title='bbox 1215 473 1246 506; x_wconf 89' lang='lat' dir='ltr'>in</span> <span class='ocrx_word' id='word_1_30' title='bbox 1277 473 1345 507; x_wconf 80' lang='lat' dir='ltr'>basi</span> <span class='ocrx_word' id='word_1_31' title='bbox 1372 473 1488 507; x_wconf 84' lang='lat' dir='ltr'>aculeo</span> <span class='ocrx_word' id='word_1_32' title='bbox 1516 471 1635 519; x_wconf 78' lang='lat' dir='ltr'>longo,</span> <span class='ocrx_word' id='word_1_33' title='bbox 1662 475 1692 508; x_wconf 88' lang='lat' dir='ltr'>iu</span> <span class='ocrx_word' id='word_1_34' title='bbox 1721 487 1778 508; x_wconf 87' lang='lat' dir='ltr'>co-</span> 
     </span>
     <span class='ocr_line' id='line_1_5' title="bbox 180 529 1780 573; baseline -0.004 0"><span class='ocrx_word' id='word_1_35' title='bbox 180 537 303 573; x_wconf 87' lang='lat' dir='ltr'>chleam</span> <span class='ocrx_word' id='word_1_36' title='bbox 343 538 481 568; x_wconf 82' lang='lat' dir='ltr'>retorto:</span> <span class='ocrx_word' id='word_1_37' title='bbox 523 530 790 566; x_wconf 86' lang='lat' dir='ltr'>mandibulae</span> <span class='ocrx_word' id='word_1_38' title='bbox 828 529 926 566; x_wconf 85' lang='lat' dir='ltr'>dente</span> <span class='ocrx_word' id='word_1_39' title='bbox 968 530 1138 565; x_wconf 80' lang='lat' dir='ltr'>manifesto</span> <span class='ocrx_word' id='word_1_40' title='bbox 1173 530 1214 565; x_wconf 84' lang='lat' dir='ltr'>ad</span> <span class='ocrx_word' id='word_1_41' title='bbox 1250 531 1341 566; x_wconf 86' lang='lat' dir='ltr'>basin</span> <span class='ocrx_word' id='word_1_42' title='bbox 1377 532 1485 566; x_wconf 75' lang='lat' dir='ltr'>lateris</span> <span class='ocrx_word' id='word_1_43' title='bbox 1521 533 1705 567; x_wconf 79' lang='lat' dir='ltr'>exterioris.</span> <span class='ocrx_word' id='word_1_44' title='bbox 1735 554 1780 559; x_wconf 94' lang='lat'>—</span> 
     </span>
     <span class='ocr_line' id='line_1_6' title="bbox 184 587 1777 638; baseline -0.004 -7"><span class='ocrx_word' id='word_1_45' title='bbox 184 595 282 632; x_wconf 87' lang='lat' dir='ltr'>Color</span> <span class='ocrx_word' id='word_1_46' title='bbox 307 592 373 628; x_wconf 82' lang='lat' dir='ltr'>sere</span> <span class='ocrx_word' id='word_1_47' title='bbox 403 597 438 626; x_wconf 91' lang='lat' dir='ltr'>ut</span> <span class='ocrx_word' id='word_1_48' title='bbox 463 592 493 625; x_wconf 92' lang='lat' dir='ltr'>in</span> <span class='ocrx_word' id='word_1_49' title='bbox 526 591 573 625; x_wconf 86' lang='lat' dir='ltr'><strong>D.</strong></span> <span class='ocrx_word' id='word_1_50' title='bbox 602 594 777 624; x_wconf 73' lang='lat' dir='ltr'>uncinata.</span> <span class='ocrx_word' id='word_1_51' title='bbox 834 587 1190 637; x_wconf 85' lang='lat' dir='ltr'>Cephalothorax</span> <span class='ocrx_word' id='word_1_52' title='bbox 1226 590 1546 638; x_wconf 80' lang='lat' dir='ltr'>ferrugineo-fuscus</span> <span class='ocrx_word' id='word_1_53' title='bbox 1582 591 1633 625; x_wconf 87' lang='lat' dir='ltr'>vel</span> <span class='ocrx_word' id='word_1_54' title='bbox 1661 597 1777 625; x_wconf 82' lang='lat' dir='ltr'>-testa-</span> 
     </span>
     <span class='ocr_line' id='line_1_7' title="bbox 179 648 1778 699; baseline -0.003 -10"><span class='ocrx_word' id='word_1_55' title='bbox 179 666 272 694; x_wconf 89' lang='lat' dir='ltr'>ceus,</span> <span class='ocrx_word' id='word_1_56' title='bbox 298 656 390 699; x_wconf 81' lang='lat' dir='ltr'>parte</span> <span class='ocrx_word' id='word_1_57' title='bbox 416 649 583 698; x_wconf 82' lang='lat' dir='ltr'>cephalica</span> <span class='ocrx_word' id='word_1_58' title='bbox 614 648 810 696; x_wconf 84' lang='lat' dir='ltr'>plerumque</span> <span class='ocrx_word' id='word_1_59' title='bbox 843 648 974 696; x_wconf 77' lang='lat' dir='ltr'>glabra;</span> <span class='ocrx_word' id='word_1_60' title='bbox 1004 650 1033 683; x_wconf 89' lang='lat' dir='ltr'>in</span> <span class='ocrx_word' id='word_1_61' title='bbox 1062 662 1127 683; x_wconf 92' lang='lat' dir='ltr'>uno</span> <span class='ocrx_word' id='word_1_62' title='bbox 1159 650 1305 685; x_wconf 79' lang='lat' dir='ltr'>alterove</span> <span class='ocrx_word' id='word_1_63' title='bbox 1331 656 1439 684; x_wconf 87' lang='lat' dir='ltr'>tamen</span> <span class='ocrx_word' id='word_1_64' title='bbox 1472 650 1613 698; x_wconf 87' lang='lat' dir='ltr'>pilorum</span> <span class='ocrx_word' id='word_1_65' title='bbox 1640 651 1778 697; x_wconf 82' lang='lat' dir='ltr'>vestigia</span> 
     </span>
     <span class='ocr_line' id='line_1_8' title="bbox 180 707 1780 757; baseline -0.003 -9"><span class='ocrx_word' id='word_1_66' title='bbox 180 712 244 748; x_wconf 93' lang='lat' dir='ltr'>vidi</span> <span class='ocrx_word' id='word_1_67' title='bbox 273 723 444 751; x_wconf 80' lang='lat' dir='ltr'>canorum,</span> <span class='ocrx_word' id='word_1_68' title='bbox 479 710 510 743; x_wconf 89' lang='lat' dir='ltr'>in</span> <span class='ocrx_word' id='word_1_69' title='bbox 538 710 683 756; x_wconf 86' lang='lat' dir='ltr'>quinque</span> <span class='ocrx_word' id='word_1_70' title='bbox 722 708 826 742; x_wconf 87' lang='lat' dir='ltr'>series</span> <span class='ocrx_word' id='word_1_71' title='bbox 851 707 1097 756; x_wconf 86' lang='lat' dir='ltr'>dispositorum.</span> <span class='ocrx_word' id='word_1_72' title='bbox 1150 708 1290 744; x_wconf 86' lang='lat' dir='ltr'>Pedes</span> <span class='ocrx_word' id='word_1_73' title='bbox 1318 709 1493 757; x_wconf 83' lang='lat' dir='ltr'>ferruginei</span> <span class='ocrx_word' id='word_1_74' title='bbox 1520 709 1573 744; x_wconf 88' lang='lat' dir='ltr'>vel</span> <span class='ocrx_word' id='word_1_75' title='bbox 1600 709 1780 743; x_wconf 83' lang='lat' dir='ltr'>sub—testa-</span> 
     </span>
     <span class='ocr_line' id='line_1_9' title="bbox 179 766 1781 818; baseline -0.002 -12"><span class='ocrx_word' id='word_1_76' title='bbox 179 772 242 812; x_wconf 86' lang='lat' dir='ltr'>cei,</span> <span class='ocrx_word' id='word_1_77' title='bbox 268 770 417 818; x_wconf 82' lang='lat' dir='ltr'>apicibus</span> <span class='ocrx_word' id='word_1_78' title='bbox 443 767 700 803; x_wconf 82' lang='lat' dir='ltr'>internodiorum</span> <span class='ocrx_word' id='word_1_79' title='bbox 724 766 886 802; x_wconf 84' lang='lat' dir='ltr'>interdum</span> <span class='ocrx_word' id='word_1_80' title='bbox 913 768 1173 803; x_wconf 80' lang='lat' dir='ltr'>obscurioribus.</span> <span class='ocrx_word' id='word_1_81' title='bbox 1226 767 1351 817; x_wconf 88' lang='lat' dir='ltr'>Palpi</span> <span class='ocrx_word' id='word_1_82' title='bbox 1380 769 1494 804; x_wconf 87' lang='lat' dir='ltr'>colore</span> <span class='ocrx_word' id='word_1_83' title='bbox 1518 768 1660 816; x_wconf 83' lang='lat' dir='ltr'>pedum,</span> <span class='ocrx_word' id='word_1_84' title='bbox 1684 768 1781 803; x_wconf 68' lang='lat' dir='ltr'>clava</span> 
     </span>
     <span class='ocr_line' id='line_1_10' title="bbox 178 825 1781 876; baseline -0.002 -10"><span class='ocrx_word' id='word_1_85' title='bbox 178 828 501 875; x_wconf 77' lang='lat' dir='ltr'>fusco-ferruginea,</span> <span class='ocrx_word' id='word_1_86' title='bbox 541 826 913 874; x_wconf 81' lang='lat' dir='ltr'>cinereo-pubescenti.</span> <span class='ocrx_word' id='word_1_87' title='bbox 967 825 1186 862; x_wconf 90' lang='lat' dir='ltr'>Abdomen</span> <span class='ocrx_word' id='word_1_88' title='bbox 1219 828 1365 875; x_wconf 80' lang='lat' dir='ltr'>nigrum,</span> <span class='ocrx_word' id='word_1_89' title='bbox 1401 829 1492 876; x_wconf 86' lang='lat' dir='ltr'>pube</span> <span class='ocrx_word' id='word_1_90' title='bbox 1529 829 1659 863; x_wconf 82' lang='lat' dir='ltr'>cinerea</span> <span class='ocrx_word' id='word_1_91' title='bbox 1700 841 1781 863; x_wconf 87' lang='lat' dir='ltr'>con-</span> 
     </span>
     <span class='ocr_line' id='line_1_11' title="bbox 177 885 1781 938; baseline -0.002 -13"><span class='ocrx_word' id='word_1_92' title='bbox 177 902 343 938; x_wconf 88' lang='lat' dir='ltr'>spersum,</span> <span class='ocrx_word' id='word_1_93' title='bbox 370 900 506 923; x_wconf 86' lang='lat' dir='ltr'>aeneum</span> <span class='ocrx_word' id='word_1_94' title='bbox 534 886 680 920; x_wconf 86' lang='lat' dir='ltr'>colorem</span> <span class='ocrx_word' id='word_1_95' title='bbox 706 885 869 920; x_wconf 89' lang='lat' dir='ltr'>interdum</span> <span class='ocrx_word' id='word_1_96' title='bbox 891 888 1053 928; x_wconf 78' lang='lat' dir='ltr'>sentiens3</span> <span class='ocrx_word' id='word_1_97' title='bbox 1077 887 1106 921; x_wconf 92' lang='lat' dir='ltr'>in</span> <span class='ocrx_word' id='word_1_98' title='bbox 1132 887 1288 922; x_wconf 86' lang='lat' dir='ltr'>lateribus</span> <span class='ocrx_word' id='word_1_99' title='bbox 1311 887 1401 923; x_wconf 91' lang='lat' dir='ltr'>dorsi</span> <span class='ocrx_word' id='word_1_100' title='bbox 1426 901 1673 936; x_wconf 84' lang='lat' dir='ltr'>nonnumquam</span> <span class='ocrx_word' id='word_1_101' title='bbox 1699 888 1781 922; x_wconf 84' lang='lat' dir='ltr'>sub-</span> 
     </span>
    </p>
   </div>
   <div class='ocr_carea' id='block_1_3' title="bbox 177 944 733 993">
    <p class='ocr_par' dir='ltr' id='par_1_3' title="bbox 177 944 733 993">
     <span class='ocr_line' id='line_1_12' title="bbox 177 944 733 993; baseline -0.011 -9"><span class='ocrx_word' id='word_1_102' title='bbox 177 955 365 984; x_wconf 83' lang='lat' dir='ltr'>testaceum.</span> <span class='ocrx_word' id='word_1_103' title='bbox 394 968 439 973; x_wconf 92' lang='lat'><strong>—</strong></span> <span class='ocrx_word' id='word_1_104' title='bbox 467 952 486 986; x_wconf 72' lang='lat'><em>2</em></span> <span class='ocrx_word' id='word_1_105' title='bbox 509 944 585 980; x_wconf 91' lang='lat' dir='ltr'>mihi</span> <span class='ocrx_word' id='word_1_106' title='bbox 612 945 733 993; x_wconf 79' lang='lat' dir='ltr'>ignota.</span> 
     </span>
    </p>
   </div>
   <div class='ocr_carea' id='block_1_4' title="bbox 274 1072 1783 1180">
    <p class='ocr_par' dir='ltr' id='par_1_4' title="bbox 274 1072 1783 1180">
     <span class='ocr_line' id='line_1_13' title="bbox 274 1072 1783 1125; baseline -0.001 -14"><span class='ocrx_word' id='word_1_107' title='bbox 274 1076 332 1125; x_wconf 91' lang='lat' dir='ltr'><strong>Sp.</strong></span> <span class='ocrx_word' id='word_1_108' title='bbox 364 1075 469 1110; x_wconf 89' lang='lat'><strong>1999.</strong></span> <span class='ocrx_word' id='word_1_109' title='bbox 523 1074 587 1110; x_wconf 83' lang='lat' dir='ltr'>Ar.</span> <span class='ocrx_word' id='word_1_110' title='bbox 614 1072 889 1109; x_wconf 88' lang='lat' dir='ltr'><strong>ANGULATA</strong></span> <span class='ocrx_word' id='word_1_111' title='bbox 912 1084 945 1121; x_wconf 87' lang='lat' dir='ltr'><strong>p.</strong></span> <span class='ocrx_word' id='word_1_112' title='bbox 975 1074 1056 1110; x_wconf 77' lang='lat'><strong>487.</strong></span> <span class='ocrx_word' id='word_1_113' title='bbox 1099 1094 1144 1101; x_wconf 45' lang='grc' dir='ltr'>-α</span> <span class='ocrx_word' id='word_1_114' title='bbox 1183 1078 1211 1110; x_wconf 93' lang='lat' dir='ltr'>S.</span> <span class='ocrx_word' id='word_1_115' title='bbox 1236 1079 1271 1110; x_wconf 91' lang='lat' dir='ltr'>N.</span> <span class='ocrx_word' id='word_1_116' title='bbox 1303 1078 1353 1110; x_wconf 90' lang='lat' dir='ltr'>Ed.</span> <span class='ocrx_word' id='word_1_117' title='bbox 1381 1079 1428 1111; x_wconf 78' lang='grc'><strong>10.</strong></span> <span class='ocrx_word' id='word_1_118' title='bbox 1456 1090 1481 1122; x_wconf 87' lang='lat' dir='ltr'><strong>p.</strong></span> <span class='ocrx_word' id='word_1_119' title='bbox 1506 1079 1574 1111; x_wconf 67' lang='lat'><strong>620.</strong></span> <span class='ocrx_word' id='word_1_120' title='bbox 1601 1089 1644 1122; x_wconf 87' lang='lat' dir='ltr'>sp.</span> <span class='ocrx_word' id='word_1_121' title='bbox 1671 1078 1705 1117; x_wconf 76' lang='lat'>73</span> <span class='ocrx_word' id='word_1_122' title='bbox 1734 1077 1783 1109; x_wconf 89' lang='lat' dir='ltr'>Ed.</span> 
     </span>
     <span class='ocr_line' id='line_1_14' title="bbox 526 1135 870 1180; baseline 0 -12"><span class='ocrx_word' id='word_1_123' title='bbox 526 1136 573 1168; x_wconf 66' lang='lat'>⁴2.</span> <span class='ocrx_word' id='word_1_124' title='bbox 601 1147 628 1180; x_wconf 93' lang='lat' dir='ltr'>p.</span> <span class='ocrx_word' id='word_1_125' title='bbox 659 1135 748 1168; x_wconf 61' lang='lat'><strong>4031.</strong></span> <span class='ocrx_word' id='word_1_126' title='bbox 773 1147 816 1180; x_wconf 85' lang='lat' dir='ltr'>Sp.</span> <span class='ocrx_word' id='word_1_127' title='bbox 843 1137 870 1168; x_wconf 92' lang='lat'>8.</span> 
     </span>
    </p>
   </div>
   <div class='ocr_carea' id='block_1_5' title="bbox 254 1194 1376 1232">
    <p class='ocr_par' dir='ltr' id='par_1_5' title="bbox 254 1194 1376 1232">
     <span class='ocr_line' id='line_1_15' title="bbox 254 1194 1376 1232; baseline -0.001 -8"><span class='ocrx_word' id='word_1_128' title='bbox 254 1196 316 1230; x_wconf 74' lang='lat' dir='ltr'><strong>Syn.</strong></span> <span class='ocrx_word' id='word_1_129' title='bbox 339 1196 493 1224; x_wconf 77' lang='lat' dir='ltr'>Araneus</span> <span class='ocrx_word' id='word_1_130' title='bbox 516 1195 704 1231; x_wconf 81' lang='lat' dir='ltr'>angulatus</span> <span class='ocrx_word' id='word_1_131' title='bbox 727 1195 819 1221; x_wconf 57' lang='lat' dir='ltr'>cler-cte.</span> <span class='ocrx_word' id='word_1_132' title='bbox 843 1195 925 1222; x_wconf 85' lang='lat' dir='ltr'>Aran.</span> <span class='ocrx_word' id='word_1_133' title='bbox 948 1194 1024 1222; x_wconf 85' lang='lat' dir='ltr'>Suec.</span> <span class='ocrx_word' id='word_1_134' title='bbox 1046 1204 1071 1232; x_wconf 91' lang='lat' dir='ltr'>p.</span> <span class='ocrx_word' id='word_1_135' title='bbox 1095 1198 1140 1222; x_wconf 80' lang='lat'><strong>22.</strong></span> <span class='ocrx_word' id='word_1_136' title='bbox 1162 1195 1198 1232; x_wconf 87' lang='lat' dir='ltr'>pl.</span> <span class='ocrx_word' id='word_1_137' title='bbox 1227 1199 1248 1223; x_wconf 87' lang='lat'><strong>1.</strong></span> <span class='ocrx_word' id='word_1_138' title='bbox 1273 1196 1326 1224; x_wconf 80' lang='lat' dir='ltr'>tab.</span> <span class='ocrx_word' id='word_1_139' title='bbox 1355 1199 1376 1223; x_wconf 92' lang='lat'><strong>1.</strong></span> 
     </span>
    </p>
   </div>
   <div class='ocr_carea' id='block_1_6' title="bbox 400 1242 1296 1353">
    <p class='ocr_par' dir='ltr' id='par_1_6' title="bbox 400 1242 1296 1353">
     <span class='ocr_line' id='line_1_16' title="bbox 400 1242 726 1283; baseline -0.006 -9"><span class='ocrx_word' id='word_1_140' title='bbox 400 1242 513 1274; x_wconf 75' lang='lat' dir='ltr'>Cetera</span> <span class='ocrx_word' id='word_1_141' title='bbox 536 1242 598 1273; x_wconf 84' lang='lat' dir='ltr'>vid.</span> <span class='ocrx_word' id='word_1_142' title='bbox 622 1253 643 1283; x_wconf 94' lang='lat' dir='ltr'>p</span> <span class='ocrx_word' id='word_1_143' title='bbox 677 1242 726 1272; x_wconf 83' lang='lat'>67.</span> 
     </span>
     <span class='ocr_line' id='line_1_17' title="bbox 662 1299 1296 1353; baseline 0.002 -17"><span class='ocrx_word' id='word_1_144' title='bbox 662 1300 829 1350; x_wconf 64' lang='lat' dir='ltr'>[Epssnm</span> <span class='ocrx_word' id='word_1_145' title='bbox 855 1299 1067 1350; x_wconf 83' lang='lat' dir='ltr'>angulata</span> <span class='ocrx_word' id='word_1_146' title='bbox 1093 1301 1296 1353; x_wconf 54' lang='lat' dir='ltr'>(Chr-obj]</span> 
     </span>
    </p>
   </div>
   <div class='ocr_carea' id='block_1_7' title="bbox 878 1370 1074 1376">
    <p class='ocr_par' dir='ltr' id='par_1_7' title="bbox 878 1370 1074 1376">
     <span class='ocr_line' id='line_1_18' title="bbox 878 1370 1074 1376; baseline 0 0"><span class='ocrx_word' id='word_1_147' title='bbox 878 1370 1074 1376; x_wconf 95' lang='lat' dir='ltr'> </span> 
     </span>
    </p>
   </div>
   <div class='ocr_carea' id='block_1_8' title="bbox 175 1414 1783 1942">
    <p class='ocr_par' dir='ltr' id='par_1_8' title="bbox 175 1414 1783 1942">
     <span class='ocr_line' id='line_1_19' title="bbox 324 1414 1780 1465; baseline -0.003 -12"><span class='ocrx_word' id='word_1_148' title='bbox 324 1418 363 1453; x_wconf 88' lang='lat' dir='ltr'>Iu</span> <span class='ocrx_word' id='word_1_149' title='bbox 391 1417 435 1453; x_wconf 79' lang='lat' dir='ltr'>It.</span> <span class='ocrx_word' id='word_1_150' title='bbox 467 1417 555 1452; x_wconf 79' lang='lat' dir='ltr'>Gotl.</span> <span class='ocrx_word' id='word_1_151' title='bbox 582 1427 614 1464; x_wconf 89' lang='lat' dir='ltr'>p.</span> <span class='ocrx_word' id='word_1_152' title='bbox 650 1416 734 1451; x_wconf 75' lang='lat'><strong>216.</strong></span> <span class='ocrx_word' id='word_1_153' title='bbox 768 1414 823 1451; x_wconf 89' lang='lat' dir='ltr'>his</span> <span class='ocrx_word' id='word_1_154' title='bbox 855 1415 976 1452; x_wconf 87' lang='lat' dir='ltr'>verbis</span> <span class='ocrx_word' id='word_1_155' title='bbox 1011 1417 1075 1452; x_wconf 84' lang='lat' dir='ltr'>Ar.</span> <span class='ocrx_word' id='word_1_156' title='bbox 1113 1418 1319 1463; x_wconf 72' lang='lat' dir='ltr'>angulatum</span> <span class='ocrx_word' id='word_1_157' title='bbox 1352 1415 1540 1465; x_wconf 82' lang='lat' dir='ltr'>descripsit</span> <span class='ocrx_word' id='word_1_158' title='bbox 1573 1416 1780 1453; x_wconf 76' lang='lat' dir='ltr'>LrNNAEUs:</span> 
     </span>
     <span class='ocr_line' id='line_1_20' title="bbox 176 1474 1782 1525; baseline -0.001 -15"><span class='ocrx_word' id='word_1_159' title='bbox 176 1477 342 1513; x_wconf 80' lang='lat' dir='ltr'>«Aranea</span> <span class='ocrx_word' id='word_1_160' title='bbox 376 1475 552 1511; x_wconf 75' lang='lat' dir='ltr'>abdomine</span> <span class='ocrx_word' id='word_1_161' title='bbox 592 1481 705 1510; x_wconf 69' lang='lat' dir='ltr'>amice</span> <span class='ocrx_word' id='word_1_162' title='bbox 744 1475 908 1511; x_wconf 74' lang='lat' dir='ltr'>lateribus</span> <span class='ocrx_word' id='word_1_163' title='bbox 945 1482 1141 1512; x_wconf 74' lang='lat' dir='ltr'>acuminato</span> <span class='ocrx_word' id='word_1_164' title='bbox 1177 1476 1264 1512; x_wconf 87' lang='lat' dir='ltr'>ellel·</span> <span class='ocrx_word' id='word_1_165' title='bbox 1296 1489 1341 1512; x_wconf 80' lang='lat' dir='ltr'>en</span> <span class='ocrx_word' id='word_1_166' title='bbox 1371 1476 1507 1525; x_wconf 79' lang='lat' dir='ltr'>ganska</span> <span class='ocrx_word' id='word_1_167' title='bbox 1533 1480 1609 1511; x_wconf 78' lang='lat' dir='ltr'>stor</span> <span class='ocrx_word' id='word_1_168' title='bbox 1643 1474 1782 1524; x_wconf 79' lang='lat' dir='ltr'>spiunel</span> 
     </span>
     <span class='ocr_line' id='line_1_21' title="bbox 175 1534 1783 1584; baseline -0.002 -12"><span class='ocrx_word' id='word_1_169' title='bbox 175 1536 252 1572; x_wconf 86' lang='lat' dir='ltr'>fans</span> <span class='ocrx_word' id='word_1_170' title='bbox 278 1535 342 1571; x_wconf 68' lang='lat' dir='ltr'>h&#39;zir</span> <span class='ocrx_word' id='word_1_171' title='bbox 364 1535 376 1571; x_wconf 94' lang='lat' dir='ltr'>i</span> <span class='ocrx_word' id='word_1_172' title='bbox 402 1534 563 1577; x_wconf 72' lang='lat' dir='ltr'>Tr‘ziden,</span> <span class='ocrx_word' id='word_1_173' title='bbox 603 1534 707 1570; x_wconf 87' lang='lat' dir='ltr'>hvars</span> <span class='ocrx_word' id='word_1_174' title='bbox 746 1546 850 1583; x_wconf 80' lang='lat' dir='ltr'>mage</span> <span class='ocrx_word' id='word_1_175' title='bbox 873 1534 962 1570; x_wconf 87' lang='lat' dir='ltr'>fram</span> <span class='ocrx_word' id='word_1_176' title='bbox 990 1540 1066 1571; x_wconf 90' lang='lat' dir='ltr'>mot</span> <span class='ocrx_word' id='word_1_177' title='bbox 1092 1535 1246 1578; x_wconf 76' lang='lat' dir='ltr'>brostet,</span> <span class='ocrx_word' id='word_1_178' title='bbox 1279 1535 1325 1584; x_wconf 66' lang='lat' dir='ltr'>pz‘i</span> <span class='ocrx_word' id='word_1_179' title='bbox 1350 1534 1527 1571; x_wconf 82' lang='lat' dir='ltr'>hvardera</span> <span class='ocrx_word' id='word_1_180' title='bbox 1552 1534 1671 1576; x_wconf 82' lang='lat' dir='ltr'>sidau,</span> <span class='ocrx_word' id='word_1_181' title='bbox 1701 1534 1783 1584; x_wconf 75' lang='lat' dir='ltr'>gick</span> 
     </span>
     <span class='ocr_line' id='line_1_22' title="bbox 177 1593 1781 1645; baseline -0.002 -14"><span class='ocrx_word' id='word_1_182' title='bbox 177 1595 226 1631; x_wconf 85' lang='lat' dir='ltr'>uti</span> <span class='ocrx_word' id='word_1_183' title='bbox 252 1607 296 1631; x_wconf 88' lang='lat' dir='ltr'>en</span> <span class='ocrx_word' id='word_1_184' title='bbox 325 1594 473 1632; x_wconf 87' lang='lat' dir='ltr'>obtuser</span> <span class='ocrx_word' id='word_1_185' title='bbox 504 1593 623 1643; x_wconf 81' lang='lat' dir='ltr'>angel,</span> <span class='ocrx_word' id='word_1_186' title='bbox 664 1594 830 1630; x_wconf 87' lang='lat' dir='ltr'>desutom</span> <span class='ocrx_word' id='word_1_187' title='bbox 858 1607 921 1630; x_wconf 87' lang='lat' dir='ltr'>var</span> <span class='ocrx_word' id='word_1_188' title='bbox 950 1608 1078 1645; x_wconf 75' lang='lat' dir='ltr'>magen</span> <span class='ocrx_word' id='word_1_189' title='bbox 1107 1595 1251 1645; x_wconf 79' lang='lat' dir='ltr'>brokug</span> <span class='ocrx_word' id='word_1_190' title='bbox 1276 1595 1316 1631; x_wconf 83' lang='lat' dir='ltr'>af</span> <span class='ocrx_word' id='word_1_191' title='bbox 1337 1595 1436 1636; x_wconf 87' lang='lat' dir='ltr'>hvitt,</span> <span class='ocrx_word' id='word_1_192' title='bbox 1474 1594 1549 1644; x_wconf 79' lang='lat' dir='ltr'>gult</span> <span class='ocrx_word' id='word_1_193' title='bbox 1576 1593 1645 1630; x_wconf 88' lang='lat' dir='ltr'>och</span> <span class='ocrx_word' id='word_1_194' title='bbox 1669 1600 1781 1633; x_wconf 79' lang='lat' dir='ltr'>svart,</span> 
     </span>
     <span class='ocr_line' id='line_1_23' title="bbox 175 1653 1780 1704; baseline -0.001 -14"><span class='ocrx_word' id='word_1_195' title='bbox 175 1667 259 1690; x_wconf 89' lang='lat' dir='ltr'>men</span> <span class='ocrx_word' id='word_1_196' title='bbox 283 1654 403 1690; x_wconf 87' lang='lat' dir='ltr'>benen</span> <span class='ocrx_word' id='word_1_197' title='bbox 429 1666 519 1689; x_wconf 89' lang='lat' dir='ltr'>voro</span> <span class='ocrx_word' id='word_1_198' title='bbox 547 1653 694 1689; x_wconf 80' lang='lat' dir='ltr'>alleuast</span> <span class='ocrx_word' id='word_1_199' title='bbox 720 1653 886 1704; x_wconf 80' lang='lat' dir='ltr'>brokuga</span> <span class='ocrx_word' id='word_1_200' title='bbox 918 1654 1003 1690; x_wconf 87' lang='lat' dir='ltr'>med</span> <span class='ocrx_word' id='word_1_201' title='bbox 1029 1653 1115 1690; x_wconf 87' lang='lat' dir='ltr'>hvitt</span> <span class='ocrx_word' id='word_1_202' title='bbox 1147 1653 1216 1690; x_wconf 88' lang='lat' dir='ltr'>och</span> <span class='ocrx_word' id='word_1_203' title='bbox 1246 1659 1375 1691; x_wconf 84' lang='lat' dir='ltr'>svart.»</span> <span class='ocrx_word' id='word_1_204' title='bbox 1410 1658 1466 1701; x_wconf 89' lang='lat'>(=</span> <span class='ocrx_word' id='word_1_205' title='bbox 1490 1655 1637 1689; x_wconf 83' lang='lat' dir='ltr'>Aranea</span> <span class='ocrx_word' id='word_1_206' title='bbox 1663 1675 1705 1680; x_wconf 86' lang='lat'>—</span> <span class='ocrx_word' id='word_1_207' title='bbox 1736 1674 1780 1679; x_wconf 97' lang='lat'>—</span> 
     </span>
     <span class='ocr_line' id='line_1_24' title="bbox 175 1711 1783 1761; baseline -0.002 -12"><span class='ocrx_word' id='word_1_208' title='bbox 175 1713 375 1750; x_wconf 80' lang='lat' dir='ltr'>acuminato</span> <span class='ocrx_word' id='word_1_209' title='bbox 410 1719 477 1749; x_wconf 78' lang='lat' dir='ltr'>sive</span> <span class='ocrx_word' id='word_1_210' title='bbox 509 1728 640 1749; x_wconf 70' lang='lat' dir='ltr'>aranea</span> <span class='ocrx_word' id='word_1_211' title='bbox 667 1719 823 1749; x_wconf 67' lang='lat' dir='ltr'>maxima</span> <span class='ocrx_word' id='word_1_212' title='bbox 857 1714 912 1749; x_wconf 80' lang='lat' dir='ltr'>bic</span> <span class='ocrx_word' id='word_1_213' title='bbox 938 1720 973 1749; x_wconf 77' lang='lat' dir='ltr'>in</span> <span class='ocrx_word' id='word_1_214' title='bbox 1004 1713 1184 1750; x_wconf 74' lang='lat' dir='ltr'>arboribus</span> <span class='ocrx_word' id='word_1_215' title='bbox 1226 1720 1363 1750; x_wconf 67' lang='lat' dir='ltr'>inventa</span> <span class='ocrx_word' id='word_1_216' title='bbox 1399 1723 1466 1756; x_wconf 80' lang='lat' dir='ltr'>est,</span> <span class='ocrx_word' id='word_1_217' title='bbox 1496 1719 1594 1761; x_wconf 71' lang='lat' dir='ltr'>cujus</span> <span class='ocrx_word' id='word_1_218' title='bbox 1623 1711 1783 1748; x_wconf 76' lang='lat' dir='ltr'>abdomen</span> 
     </span>
     <span class='ocr_line' id='line_1_25' title="bbox 175 1773 1783 1822; baseline -0.002 -13"><span class='ocrx_word' id='word_1_219' title='bbox 175 1779 286 1809; x_wconf 71' lang='lat' dir='ltr'>aulice</span> <span class='ocrx_word' id='word_1_220' title='bbox 308 1787 422 1808; x_wconf 75' lang='lat' dir='ltr'>versus</span> <span class='ocrx_word' id='word_1_221' title='bbox 445 1773 763 1822; x_wconf 74' lang='lat' dir='ltr'>cephalotleoracem‚</span> <span class='ocrx_word' id='word_1_222' title='bbox 791 1779 826 1808; x_wconf 76' lang='lat' dir='ltr'>in</span> <span class='ocrx_word' id='word_1_223' title='bbox 855 1782 995 1822; x_wconf 70' lang='lat' dir='ltr'>utroque</span> <span class='ocrx_word' id='word_1_224' title='bbox 1020 1774 1142 1815; x_wconf 75' lang='lat' dir='ltr'>lutere,</span> <span class='ocrx_word' id='word_1_225' title='bbox 1170 1779 1205 1809; x_wconf 75' lang='lat' dir='ltr'>in</span> <span class='ocrx_word' id='word_1_226' title='bbox 1231 1775 1398 1821; x_wconf 72' lang='lat' dir='ltr'>angulum</span> <span class='ocrx_word' id='word_1_227' title='bbox 1421 1773 1575 1809; x_wconf 76' lang='lat' dir='ltr'>obtusum</span> <span class='ocrx_word' id='word_1_228' title='bbox 1588 1773 1783 1822; x_wconf 73' lang='lat' dir='ltr'>productus</span> 
     </span>
     <span class='ocr_line' id='line_1_26' title="bbox 176 1829 1782 1882; baseline -0.002 -14"><span class='ocrx_word' id='word_1_229' title='bbox 176 1841 261 1874; x_wconf 79' lang='lat' dir='ltr'>erat,</span> <span class='ocrx_word' id='word_1_230' title='bbox 280 1841 448 1881; x_wconf 82' lang='lat' dir='ltr'>praetera</span> <span class='ocrx_word' id='word_1_231' title='bbox 471 1831 571 1875; x_wconf 85' lang='lat' dir='ltr'>albo—‚</span> <span class='ocrx_word' id='word_1_232' title='bbox 596 1833 683 1868; x_wconf 76' lang='lat' dir='ltr'>luteo</span> <span class='ocrx_word' id='word_1_233' title='bbox 705 1841 737 1868; x_wconf 78' lang='lat' dir='ltr'>et</span> <span class='ocrx_word' id='word_1_234' title='bbox 763 1838 1099 1879; x_wconf 68' lang='lat' dir='ltr'>nigro-variegatam</span> <span class='ocrx_word' id='word_1_235' title='bbox 1124 1842 1200 1869; x_wconf 77' lang='lat' dir='ltr'>erat</span> <span class='ocrx_word' id='word_1_236' title='bbox 1226 1832 1396 1875; x_wconf 70' lang='lat' dir='ltr'>abdomen,</span> <span class='ocrx_word' id='word_1_237' title='bbox 1415 1834 1520 1882; x_wconf 80' lang='lat' dir='ltr'>pedes</span> <span class='ocrx_word' id='word_1_238' title='bbox 1551 1841 1664 1868; x_wconf 78' lang='lat' dir='ltr'>autem</span> <span class='ocrx_word' id='word_1_239' title='bbox 1692 1829 1782 1865; x_wconf 81' lang='lat' dir='ltr'>albo-</span> 
     </span>
     <span class='ocr_line' id='line_1_27' title="bbox 177 1890 1780 1942; baseline -0.001 -16"><span class='ocrx_word' id='word_1_240' title='bbox 177 1900 208 1927; x_wconf 81' lang='lat' dir='ltr'>et</span> <span class='ocrx_word' id='word_1_241' title='bbox 227 1897 343 1939; x_wconf 78' lang='lat' dir='ltr'>nigro·</span> <span class='ocrx_word' id='word_1_242' title='bbox 361 1900 495 1928; x_wconf 74' lang='lat' dir='ltr'>tantum</span> <span class='ocrx_word' id='word_1_243' title='bbox 510 1897 715 1939; x_wconf 49' lang='lat' dir='ltr'>variegata»</span> <span class='ocrx_word' id='word_1_244' title='bbox 735 1914 782 1920; x_wconf 92' lang='lat'><em>-</em></span> <span class='ocrx_word' id='word_1_245' title='bbox 802 1891 897 1927; x_wconf 87' lang='lat' dir='ltr'>Vide</span> <span class='ocrx_word' id='word_1_246' title='bbox 912 1890 1019 1939; x_wconf 85' lang='lat' dir='ltr'>hujus</span> <span class='ocrx_word' id='word_1_247' title='bbox 1038 1892 1173 1941; x_wconf 84' lang='lat' dir='ltr'>speciei</span> <span class='ocrx_word' id='word_1_248' title='bbox 1188 1892 1467 1942; x_wconf 86' lang='lat' dir='ltr'>descriptionem</span> <span class='ocrx_word' id='word_1_249' title='bbox 1483 1896 1547 1927; x_wconf 87' lang='lat' dir='ltr'>cet.</span> <span class='ocrx_word' id='word_1_250' title='bbox 1562 1904 1595 1940; x_wconf 92' lang='lat' dir='ltr'>p.</span> <span class='ocrx_word' id='word_1_251' title='bbox 1615 1891 1661 1927; x_wconf 86' lang='lat'>67</span> <span class='ocrx_word' id='word_1_252' title='bbox 1679 1902 1780 1937; x_wconf 82' lang='lat' dir='ltr'>seqq.</span> 
     </span>
    </p>
   </div>
   <div class='ocr_carea' id='block_1_9' title="bbox 278 2026 1784 2136">
    <p class='ocr_par' dir='ltr' id='par_1_9' title="bbox 278 2026 1784 2136">
     <span class='ocr_line' id='line_1_28' title="bbox 278 2026 1784 2078; baseline -0.003 -16"><span class='ocrx_word' id='word_1_253' title='bbox 278 2026 337 2075; x_wconf 86' lang='lat' dir='ltr'><strong>Sp.</strong></span> <span class='ocrx_word' id='word_1_254' title='bbox 365 2027 474 2063; x_wconf 76' lang='lat'><strong>2000.</strong></span> <span class='ocrx_word' id='word_1_255' title='bbox 528 2028 591 2064; x_wconf 87' lang='lat' dir='ltr'>Ar.</span> <span class='ocrx_word' id='word_1_256' title='bbox 619 2027 917 2065; x_wconf 82' lang='lat' dir='ltr'><strong>DOMESTICA.</strong></span> <span class='ocrx_word' id='word_1_257' title='bbox 945 2041 978 2078; x_wconf 90' lang='lat' dir='ltr'><strong>p.</strong></span> <span class='ocrx_word' id='word_1_258' title='bbox 1008 2029 1092 2065; x_wconf 81' lang='grc'><strong>487.</strong></span> <span class='ocrx_word' id='word_1_259' title='bbox 1135 2050 1180 2058; x_wconf 91' lang='lat'>——</span> <span class='ocrx_word' id='word_1_260' title='bbox 1219 2032 1270 2064; x_wconf 90' lang='lat' dir='ltr'>Ed.</span> <span class='ocrx_word' id='word_1_261' title='bbox 1306 2032 1352 2065; x_wconf 66' lang='lat'><strong>40.</strong></span> <span class='ocrx_word' id='word_1_262' title='bbox 1380 2044 1403 2077; x_wconf 92' lang='lat' dir='ltr'>p.</span> <span class='ocrx_word' id='word_1_263' title='bbox 1438 2033 1506 2064; x_wconf 72' lang='lat'><strong>620.</strong></span> <span class='ocrx_word' id='word_1_264' title='bbox 1530 2042 1572 2075; x_wconf 87' lang='lat' dir='ltr'><strong>Sp.</strong></span> <span class='ocrx_word' id='word_1_265' title='bbox 1601 2032 1635 2069; x_wconf 90' lang='lat'>8;</span> <span class='ocrx_word' id='word_1_266' title='bbox 1661 2028 1702 2060; x_wconf 90' lang='lat' dir='ltr'>Ed</span> <span class='ocrx_word' id='word_1_267' title='bbox 1743 2028 1784 2059; x_wconf 69' lang='lat'>12.</span> 
     </span>
     <span class='ocr_line' id='line_1_29' title="bbox 534 2091 798 2136; baseline 0 -13"><span class='ocrx_word' id='word_1_268' title='bbox 534 2103 559 2136; x_wconf 93' lang='lat' dir='ltr'><strong>p.</strong></span> <span class='ocrx_word' id='word_1_269' title='bbox 586 2091 673 2124; x_wconf 76' lang='lat'><strong>4031.</strong></span> <span class='ocrx_word' id='word_1_270' title='bbox 702 2103 744 2136; x_wconf 89' lang='lat' dir='ltr'>sp.</span> <span class='ocrx_word' id='word_1_271' title='bbox 771 2093 798 2124; x_wconf 89' lang='lat'>9.</span> 
     </span>
    </p>
   </div>
   <div class='ocr_carea' id='block_1_10' title="bbox 260 2149 1381 2306">
    <p class='ocr_par' dir='ltr' id='par_1_10' title="bbox 260 2149 1381 2306">
     <span class='ocr_line' id='line_1_30' title="bbox 260 2149 1381 2187; baseline 0 -11"><span class='ocrx_word' id='word_1_272' title='bbox 260 2149 321 2183; x_wconf 75' lang='lat' dir='ltr'>Syn.</span> <span class='ocrx_word' id='word_1_273' title='bbox 346 2150 504 2177; x_wconf 82' lang='lat' dir='ltr'>Araneus</span> <span class='ocrx_word' id='word_1_274' title='bbox 527 2149 740 2178; x_wconf 80' lang='lat' dir='ltr'>domesticus</span> <span class='ocrx_word' id='word_1_275' title='bbox 762 2151 854 2177; x_wconf 79' lang='lat' dir='ltr'>Clerck.</span> <span class='ocrx_word' id='word_1_276' title='bbox 878 2150 960 2177; x_wconf 84' lang='lat' dir='ltr'>Aran.</span> <span class='ocrx_word' id='word_1_277' title='bbox 983 2149 1059 2177; x_wconf 83' lang='lat' dir='ltr'>Suec.</span> <span class='ocrx_word' id='word_1_278' title='bbox 1082 2159 1106 2187; x_wconf 91' lang='lat' dir='ltr'><strong>p.</strong></span> <span class='ocrx_word' id='word_1_279' title='bbox 1131 2152 1176 2177; x_wconf 83' lang='lat'><strong>76.</strong></span> <span class='ocrx_word' id='word_1_280' title='bbox 1200 2152 1243 2181; x_wconf 76' lang='lat' dir='ltr'>(ad</span> <span class='ocrx_word' id='word_1_281' title='bbox 1263 2152 1381 2184; x_wconf 77' lang='lat' dir='ltr'>partem).</span> 
     </span>
     <span class='ocr_line' id='line_1_31' title="bbox 405 2196 676 2238; baseline -0.004 -10"><span class='ocrx_word' id='word_1_282' title='bbox 405 2197 463 2228; x_wconf 84' lang='lat' dir='ltr'>Cet</span> <span class='ocrx_word' id='word_1_283' title='bbox 487 2196 549 2227; x_wconf 85' lang='lat' dir='ltr'><strong>vid.</strong></span> <span class='ocrx_word' id='word_1_284' title='bbox 574 2208 604 2238; x_wconf 90' lang='lat' dir='ltr'><strong>p.</strong></span> <span class='ocrx_word' id='word_1_285' title='bbox 628 2197 676 2227; x_wconf 82' lang='lat'><strong>97.</strong></span> 
     </span>
     <span class='ocr_line' id='line_1_32' title="bbox 675 2254 1280 2306; baseline 0 -15"><span class='ocrx_word' id='word_1_286' title='bbox 675 2256 923 2305; x_wconf 77' lang='lat' dir='ltr'><strong>[TEGENARIA</strong></span> <span class='ocrx_word' id='word_1_287' title='bbox 950 2254 1100 2291; x_wconf 90' lang='lat' dir='ltr'>civilis</span> <span class='ocrx_word' id='word_1_288' title='bbox 1134 2256 1280 2306; x_wconf 70' lang='lat' dir='ltr'>Walck]</span> 
     </span>
    </p>
   </div>
   <div class='ocr_carea' id='block_1_11' title="bbox 884 2324 1080 2330">
    <p class='ocr_par' dir='ltr' id='par_1_11' title="bbox 884 2324 1080 2330">
     <span class='ocr_line' id='line_1_33' title="bbox 884 2324 1080 2330; baseline 0 0"><span class='ocrx_word' id='word_1_289' title='bbox 884 2324 1080 2330; x_wconf 95' lang='lat' dir='ltr'> </span> 
     </span>
    </p>
   </div>
   <div class='ocr_carea' id='block_1_12' title="bbox 179 2372 1788 2658">
    <p class='ocr_par' dir='ltr' id='par_1_12' title="bbox 179 2372 1788 2658">
     <span class='ocr_line' id='line_1_34' title="bbox 325 2372 1782 2422; baseline -0.001 -14"><span class='ocrx_word' id='word_1_290' title='bbox 325 2372 436 2408; x_wconf 86' lang='lat' dir='ltr'>Recte</span> <span class='ocrx_word' id='word_1_291' title='bbox 469 2373 549 2420; x_wconf 78' lang='lat' dir='ltr'>Teg.</span> <span class='ocrx_word' id='word_1_292' title='bbox 579 2374 669 2409; x_wconf 77' lang='lat' dir='ltr'>civili</span> <span class='ocrx_word' id='word_1_293' title='bbox 699 2372 862 2410; x_wconf 86' lang='lat' dir='ltr'>Walck.</span> <span class='ocrx_word' id='word_1_294' title='bbox 890 2373 982 2409; x_wconf 89' lang='lat' dir='ltr'>hanc</span> <span class='ocrx_word' id='word_1_295' title='bbox 1011 2373 1170 2422; x_wconf 87' lang='lat' dir='ltr'>speciem</span> <span class='ocrx_word' id='word_1_296' title='bbox 1205 2372 1473 2421; x_wconf 84' lang='lat' dir='ltr'>subjunxerunt</span> <span class='ocrx_word' id='word_1_297' title='bbox 1501 2372 1616 2409; x_wconf 79' lang='lat' dir='ltr'><strong>SUND.</strong></span> <span class='ocrx_word' id='word_1_298' title='bbox 1645 2378 1680 2408; x_wconf 87' lang='lat' dir='ltr'>et</span> <span class='ocrx_word' id='word_1_299' title='bbox 1704 2372 1782 2408; x_wconf 85' lang='grc' dir='ltr'>Κο-</span> 
     </span>
     <span class='ocr_line' id='line_1_35' title="bbox 179 2431 1786 2481; baseline -0.001 -14"><span class='ocrx_word' id='word_1_300' title='bbox 179 2442 302 2473; x_wconf 81' lang='lat' dir='ltr'>enms,</span> <span class='ocrx_word' id='word_1_301' title='bbox 329 2431 365 2466; x_wconf 91' lang='lat' dir='ltr'>in</span> <span class='ocrx_word' id='word_1_302' title='bbox 391 2443 495 2480; x_wconf 88' lang='lat' dir='ltr'>quam</span> <span class='ocrx_word' id='word_1_303' title='bbox 523 2431 634 2468; x_wconf 89' lang='lat' dir='ltr'>multo</span> <span class='ocrx_word' id='word_1_304' title='bbox 660 2431 788 2468; x_wconf 88' lang='lat' dir='ltr'>melius</span> <span class='ocrx_word' id='word_1_305' title='bbox 821 2432 915 2468; x_wconf 88' lang='lat' dir='ltr'>cadit</span> <span class='ocrx_word' id='word_1_306' title='bbox 946 2432 1140 2481; x_wconf 82' lang='lat' dir='ltr'>descriptio</span> <span class='ocrx_word' id='word_1_307' title='bbox 1176 2432 1382 2475; x_wconf 87' lang='lat' dir='ltr'>Liunaei,</span> <span class='ocrx_word' id='word_1_308' title='bbox 1417 2444 1523 2481; x_wconf 86' lang='lat' dir='ltr'>quam</span> <span class='ocrx_word' id='word_1_309' title='bbox 1552 2431 1588 2467; x_wconf 92' lang='lat' dir='ltr'>in</span> <span class='ocrx_word' id='word_1_310' title='bbox 1620 2432 1700 2478; x_wconf 75' lang='lat' dir='ltr'>Teg.</span> <span class='ocrx_word' id='word_1_311' title='bbox 1729 2433 1786 2467; x_wconf 84' lang='lat' dir='ltr'>do-</span> 
     </span>
     <span class='ocr_line' id='line_1_36' title="bbox 181 2489 1788 2539; baseline 0.001 -15"><span class='ocrx_word' id='word_1_312' title='bbox 181 2495 352 2525; x_wconf 77' lang='lat' dir='ltr'>mesticam</span> <span class='ocrx_word' id='word_1_313' title='bbox 392 2489 615 2539; x_wconf 83' lang='lat' dir='ltr'>(Clerck.),</span> <span class='ocrx_word' id='word_1_314' title='bbox 658 2490 715 2526; x_wconf 90' lang='lat' dir='ltr'>cui</span> <span class='ocrx_word' id='word_1_315' title='bbox 753 2489 918 2527; x_wconf 87' lang='lat' dir='ltr'>Walck.</span> <span class='ocrx_word' id='word_1_316' title='bbox 946 2503 1026 2527; x_wconf 84' lang='lat' dir='ltr'>eam</span> <span class='ocrx_word' id='word_1_317' title='bbox 1053 2490 1215 2538; x_wconf 75' lang='lat' dir='ltr'>subJecit.</span> <span class='ocrx_word' id='word_1_318' title='bbox 1274 2492 1355 2538; x_wconf 78' lang='lat' dir='ltr'>Teg.</span> <span class='ocrx_word' id='word_1_319' title='bbox 1388 2493 1569 2527; x_wconf 77' lang='lat' dir='ltr'>domestica</span> <span class='ocrx_word' id='word_1_320' title='bbox 1599 2494 1788 2539; x_wconf 85' lang='lat' dir='ltr'>praeterea</span> 
     </span>
     <span class='ocr_line' id='line_1_37' title="bbox 184 2546 1783 2600; baseline 0.002 -18"><span class='ocrx_word' id='word_1_321' title='bbox 184 2558 257 2582; x_wconf 89' lang='lat' dir='ltr'>non</span> <span class='ocrx_word' id='word_1_322' title='bbox 288 2547 344 2583; x_wconf 88' lang='lat' dir='ltr'>«in</span> <span class='ocrx_word' id='word_1_323' title='bbox 382 2546 546 2584; x_wconf 86' lang='lat' dir='ltr'>fenestris</span> <span class='ocrx_word' id='word_1_324' title='bbox 586 2548 718 2585; x_wconf 88' lang='lat' dir='ltr'>nostris</span> <span class='ocrx_word' id='word_1_325' title='bbox 756 2549 1002 2599; x_wconf 85' lang='lat' dir='ltr'>vulgatissima</span> <span class='ocrx_word' id='word_1_326' title='bbox 1026 2549 1182 2586; x_wconf 81' lang='lat' dir='ltr'>habitat»</span> <span class='ocrx_word' id='word_1_327' title='bbox 1210 2550 1356 2600; x_wconf 51' lang='lat' dir='ltr'>(Luxu),</span> <span class='ocrx_word' id='word_1_328' title='bbox 1385 2562 1601 2600; x_wconf 82' lang='lat' dir='ltr'>quamquam</span> <span class='ocrx_word' id='word_1_329' title='bbox 1626 2549 1663 2585; x_wconf 88' lang='lat' dir='ltr'>id</span> <span class='ocrx_word' id='word_1_330' title='bbox 1687 2549 1783 2598; x_wconf 85' lang='lat' dir='ltr'>apud</span> 
     </span>
     <span class='ocr_line' id='line_1_38' title="bbox 185 2604 1785 2658; baseline 0.003 -18"><span class='ocrx_word' id='word_1_331' title='bbox 185 2604 298 2641; x_wconf 77' lang='lat' dir='ltr'>Sum).</span> <span class='ocrx_word' id='word_1_332' title='bbox 325 2604 534 2642; x_wconf 79' lang='lat' dir='ltr'>affirmatum</span> <span class='ocrx_word' id='word_1_333' title='bbox 561 2606 705 2643; x_wconf 87' lang='lat' dir='ltr'>invenio</span> <span class='ocrx_word' id='word_1_334' title='bbox 742 2609 838 2656; x_wconf 85' lang='lat' dir='ltr'>(Aet.</span> <span class='ocrx_word' id='word_1_335' title='bbox 872 2608 993 2644; x_wconf 89' lang='lat' dir='ltr'>Holm.</span> <span class='ocrx_word' id='word_1_336' title='bbox 1033 2609 1136 2645; x_wconf 80' lang='lat'><strong>1831.</strong></span> <span class='ocrx_word' id='word_1_337' title='bbox 1165 2621 1198 2658; x_wconf 92' lang='lat' dir='ltr'><strong>p.</strong></span> <span class='ocrx_word' id='word_1_338' title='bbox 1231 2610 1328 2658; x_wconf 81' lang='lat'><strong>127).</strong></span> <span class='ocrx_word' id='word_1_339' title='bbox 1381 2608 1502 2645; x_wconf 87' lang='lat' dir='ltr'>Credo</span> <span class='ocrx_word' id='word_1_340' title='bbox 1530 2607 1677 2658; x_wconf 89' lang='lat' dir='ltr'>quidem</span> <span class='ocrx_word' id='word_1_341' title='bbox 1706 2620 1785 2644; x_wconf 82' lang='lat' dir='ltr'>eam</span> 
     </span>
    </p>
   </div>
  </div>
 </body>
</html>
