2435 3188
1651 262 1733 302 383

177 389 248 412 non
277 374 427 423 amplius
454 377 592 421 septem
615 375 643 419 ¹)
671 371 792 413 habet,
822 371 1000 407 Tunensis
1026 370 1114 418 lapis
1141 369 1269 405 decem
1295 368 1370 404 fere
1397 373 1431 404 et
1455 372 1594 416 septem
1612 373 1783 403 numerat.

176 435 245 471 Hie
274 434 360 482 lapis
389 433 492 467 etiam
520 444 564 466 eo
594 430 837 465 memorabilis
869 436 940 471 est,
974 429 1073 478 quod
1107 428 1266 464 indicare
1300 428 1449 468 videtur,
1480 439 1584 475 quam
1611 427 1786 462 rationem

175 494 210 530 in
238 491 475 529 herciscunda
504 489 648 529 familia,
680 489 740 524 ubi
772 495 937 537 parentes
968 489 1070 529 filias,
1099 499 1172 522 non
1200 486 1309 527 filios,
1337 485 1578 534 reliquissent,
1615 498 1785 533 sequere-

176 559 232 589 tur
250 552 449 600 priscorum
478 549 619 584 illorum
648 553 850 596 temporum
879 561 978 594 gens.
1030 548 1082 582 Ea
1109 558 1196 581 vero
1225 558 1298 580 non
1326 545 1471 580 minima
1497 549 1550 580 est
1579 544 1654 579 laus
1682 543 1786 590 liujus

175 611 316 660 lapidis,
343 609 441 658 quod
469 607 735 656 antiquissimus
764 607 812 648 is,
842 612 1012 655 quantum
1032 605 1196 653 judicare
1224 604 1313 645 licet,
1340 609 1375 639 et
1400 608 1498 639 certe
1523 602 1787 651 incorruptissi-

176 683 255 706 mus
283 682 331 705 ex
358 667 483 716 priscis
510 666 552 702 iis
580 666 804 714 temporibus
831 665 1000 701 remansit
1034 663 1147 704 testis,
1190 663 1250 712 qui
1287 662 1538 698 historicorum
1577 661 1788 698 testimoniis

175 727 468 776 argumentisque
494 725 573 760 viva
600 738 692 760 voce
721 725 826 760 etiam
854 725 963 760 hodie
991 723 1100 759 fidem
1125 722 1243 764 saciat,
1271 722 1307 757 in
1336 721 1573 757 Scandinavia
1601 721 1694 762 olim,
1724 733 1788 757 ve-

175 777 229 824 lut
252 800 361 827 nunc,
400 785 578 821 habitasse
608 784 744 819 incolas
782 797 802 819 e
842 796 972 833 magna
1015 781 1218 819 Gothorum
1250 781 1376 829 stirpe,
1414 782 1517 827 cujus
1552 779 1641 815 rami
1675 784 1726 815 tot
1753 784 1787 815 et

174 852 244 883 tam
271 846 410 881 diversa
437 844 517 880 loca
543 843 669 878 umbra
695 856 760 879 sua
788 843 965 893 tegebant,
994 845 1202 891 prognatos.

322 936 427 985 Lapis
457 936 549 985 ipse,
580 948 600 971 e
631 935 786 984 grauite,
816 948 923 984 quem
962 940 1106 975 vocant,
1147 933 1309 974 excisus,
1349 945 1416 968 sex
1446 932 1560 981 pedes
1588 936 1623 967 et
1648 936 1786 980 septem

175 996 338 1046 pollices,
368 1007 536 1030 mensura
564 993 781 1043 Norvegica‚
822 993 911 1029 altus
938 999 1006 1034 est,
1045 998 1079 1029 et
1108 992 1211 1034 infra,
1250 991 1309 1027 ubi
1336 991 1542 1032 latissimus,
1571 991 1644 1026 duo
1674 991 1786 1039 pedes

175 1061 210 1092 et
238 1060 404 1104 quattuor
430 1053 578 1102 pollices
603 1053 701 1088 latus.
756 1052 912 1088 Duobus
940 1053 975 1088 in
1004 1052 1174 1088 lateribus
1202 1050 1452 1099 inscriptiones
1476 1050 1598 1091 habet3
1626 1050 1661 1085 in
1692 1055 1787 1086 eete-

174 1115 221 1151 ris
249 1114 406 1154 duobus,
437 1125 529 1161 quae
558 1112 764 1161 angustiora
791 1118 887 1153 sunt,
925 1124 1118 1160 numquam
1155 1110 1285 1147 habuit.
1340 1110 1480 1145 Literae
1508 1109 1637 1158 prioris
1663 1109 1788 1144 inscri-

175 1173 305 1223 ptionis
331 1173 511 1222 aliquanto
537 1173 695 1218 majores
723 1176 805 1206 sunt
832 1176 866 1207 et
891 1171 1044 1220 penitius
1078 1170 1264 1220 magisque
1300 1169 1490 1217 perspicue
1518 1168 1652 1204 incisae
1680 1180 1786 1217 quam

174 1234 297 1270 literae
325 1231 536 1281 posterioris
559 1230 815 1278 inscriptionis;
845 1242 936 1279 quae
965 1242 1073 1278 quum
1102 1229 1220 1264 curvis
1241 1228 1343 1264 lineis
1371 1233 1545 1269 arcuatur,
1576 1227 1633 1262 illa
1662 1227 1787 1262 admo-

175 1292 259 1328 dum
288 1291 393 1327 rectis
422 1289 594 1338 procedit.
651 1289 808 1338 Utraque
836 1288 1019 1337 inscriptio
1046 1289 1279 1335 βουσιροφῃδὸν
1320 1287 1430 1323 incisa
1460 1291 1529 1327 est,
1567 1286 1666 1334 prior
1700 1286 1788 1321 (luas

173 1352 284 1388 lineas
311 1349 517 1390 continens,
559 1347 739 1396 posterior
773 1353 845 1384 tres
872 1353 907 1384 et
934 1347 1080 1396 quidem
1111 1346 1266 1382 ultimam
1294 1346 1478 1382 subversis
1512 1345 1630 1382 literis.
1684 1346 1788 1381 Cete-

173 1422 251 1446 rum
279 1409 401 1445 literae
444 1407 554 1443 literis
594 1406 721 1442 ordine
749 1419 822 1443 non
857 1407 1053 1455 interrupto
1095 1405 1309 1447 succedunt,
1351 1405 1417 1440 nisi
1443 1405 1477 1440 in
1507 1404 1651 1440 duobus
1678 1404 1787 1445 locis,

174 1468 235 1505 ubi
250 1467 404 1517 punctis,
432 1466 473 1502 iis
491 1479 578 1501 vero
608 1465 785 1508 delendis,
816 1466 1001 1502 distinctae
1028 1470 1118 1501 sunt.
1172 1464 1308 1500 Prioris
1335 1464 1575 1512 inscriptionis
1603 1464 1696 1499 duae
1712 1468 1787 1499 tan-

173 1533 247 1564 tum
276 1527 398 1562 literae
424 1525 605 1574 paululum
626 1525 745 1561 laesae
760 1531 856 1566 sunt,
883 1531 1025 1561 ceterae
1043 1536 1170 1560 omnes
1186 1523 1363 1568 integram
1390 1523 1424 1559 in
1448 1522 1652 1571 posteriore
1667 1527 1787 1558 autem

173 1587 294 1636 plures
321 1585 443 1621 literae
467 1586 605 1631 majore
632 1584 763 1620 damno
789 1584 938 1620 affectae
966 1583 1203 1620 inveniuntur.
1258 1582 1302 1618 Ut
1327 1582 1433 1631 igitur
1458 1582 1611 1630 primum
1639 1581 1788 1617 intuenti

174 1649 306 1695 pateat,
332 1656 423 1693 quae
449 1643 597 1679 omnino
625 1643 785 1693 integrae
813 1644 897 1685 sint,
924 1648 958 1679 et
986 1656 1078 1692 quae
1102 1643 1238 1683 laesae,
1267 1641 1445 1677 mutilatae
1472 1645 1531 1677 aut
1559 1640 1785 1689 deperditae,

173 1704 269 1754 typis
297 1703 429 1740 diversi
457 1702 593 1738 ordinis
621 1702 880 1739 exscribendas
912 1702 1058 1738 easdem
1088 1701 1303 1737 curabimus.

319 1853 420 1889 Haec
449 1852 646 1901 praefatus,
685 1852 730 1887 ad
758 1851 871 1900 ipsam
900 1851 1170 1899 inscriptionem
1205 1851 1463 1900 exponendam
1491 1855 1526 1886 et
1552 1850 1787 1899 interpretan-

175 1913 256 1948 dam
292 1911 548 1961 transgredior‚
590 1916 625 1947 et
664 1911 809 1960 quidem
840 1911 937 1959 prius
965 1911 1010 1946 ad
1035 1910 1193 1959 priorem
1221 1916 1375 1959 partem,
1417 1923 1510 1959 quae
1549 1909 1654 1957 hujus
1683 1922 1787 1956 argu-

176 1971 283 2007 menti
311 1977 379 2007 est:

622 2038 705 2073 'EK
735 2036 895 2073 VIVAM
925 2037 990 2072 AF
994 2037 1090 2072 TER
1115 2036 1320 2072 VODURI-

542 2113 611 2148 DE
637 2113 777 2148 VlTAI
805 2109 1150 2148 GAHALAIBAN:
1179 2109 1415 2145 VORAHTQ

327 2208 437 2253 Quod
479 2219 559 2242 mea
597 2206 742 2255 quidem
774 2204 949 2241 sententia
983 2203 1028 2240 ita
1061 2201 1247 2238 emendari
1280 2207 1329 2243 et,
1355 2201 1383 2236 si
1415 2200 1565 2236 verbum
1596 2201 1641 2237 de
1672 2202 1784 2237 verbo

178 2267 320 2308 reddas,
349 2267 437 2303 verti
467 2271 601 2315 potest:

710 2331 764 2366 Ek
792 2330 943 2365 Vivama
970 2327 1059 2364 after
1087 2327 1252 2363 Voduri-

667 2390 727 2431 de,
756 2389 849 2424 vitan
877 2387 1103 2435 gahalaiban,
1132 2385 1291 2421 vorahto.

634 2480 653 2515 i.
686 2493 735 2516 e.:
776 2480 856 2529 Ego
884 2479 1033 2514 Vivama
1059 2483 1141 2527 post
1170 2477 1325 2513 Voduri-

672 2539 764 2580 dem,
791 2539 989 2587 sapientem
1015 2537 1188 2579 sodalem,
1214 2536 1290 2572 feci.

287 2628 308 2659 Ι)
330 2627 396 2653 Vide
416 2628 557 2657 Illustreret
577 2632 761 2667 Nyhedsblad,
781 2633 795 2658 l.
815 2633 829 2658 l.
