2435 3188
705 254 789 295 334

799 362 850 397 St.
882 361 1089 396 ramulosum
1117 360 1211 396 ΑΕΗ.
1239 359 1363 402 ΜΘίὴ,
1391 358 1491 394 Univ.
1520 367 1551 394 et
1582 358 1664 409 Syn.
1696 361 1723 394 ll.
1751 374 1799 395 cc.
1827 364 1874 408 (p.
1905 363 1955 408 p.)

801 434 852 468 St.
882 446 1143 480 macrocctrpum
1168 430 1204 472 β.
1235 432 1355 477 Argus
1384 430 1453 465 ΤΗ.
1481 430 1550 465 FR.
1582 430 1711 465 Comm.
1740 444 1771 478 p.
1801 431 1858 464 22.

802 505 892 553 Fig.
920 504 1048 540 HOOK.
1075 505 1092 539 l.
1123 518 1148 539 c.
1177 506 1240 539 tab.
1272 503 1428 539 LXXIX
1457 504 1474 538 Γ.
1504 504 1536 538 2.
1561 517 1590 537 n.
1619 503 1652 543 ⁴2,
1682 502 1713 543 5,
1742 503 1763 537 6
1788 507 1835 550 (p.
1861 507 1910 550 p.)
1938 509 1970 537 et
1996 502 2033 537 7!
2076 520 2120 525 —
2165 497 2252 533 Tab.

705 579 735 599 n.
765 563 842 599 VII.
872 564 891 598 f.
922 564 953 598 4.
1675 564 1682 571 ”

800 631 904 667 Hah.
933 631 968 666 in
995 629 1123 670 insula,
1153 643 1245 679 quae
1277 634 1425 665 vocatur
1455 628 1690 677 »Campbell's
1722 629 1875 670 Island«,
1909 629 1943 664 in
1973 627 2121 677 rupibus
2155 639 2258 662 mon-

655 691 740 727 tium
781 690 929 739 copiose
962 690 1005 736 (J.
1030 689 1074 724 D.
1100 690 1298 735 H0‹›1<1-;ss);
1337 688 1469 737 optima
1511 688 1707 736 specimina
1749 688 1876 723 adsunt
1912 700 2056 736 quoque
2089 687 2122 722 in
2154 685 2254 721 herb.

657 750 876 785 Swartziano
904 762 922 784 a
948 751 1126 784 ssIenziesio
1155 748 1189 783 in
1220 747 1390 783 America
1415 746 1664 796 septentionali
1694 746 1812 793 (locus
1841 746 2004 794 specialis
2032 745 2126 782 haud
2156 746 2259 782 inno-

658 809 737 857 tuit)
766 808 924 843 collecta.

808 880 923 915 Planta
953 878 1135 927 apotheciis
1169 878 1294 924 magnis
1325 877 1462 925 elegans
1488 884 1520 912 et
1552 879 1662 926 sporis
1689 878 1804 913 validis
1831 878 2127 927 pbyllocladiisque
2155 879 2259 912 minu-

659 942 699 975 tis
727 940 819 975 facile.
849 954 864 973 a
894 940 944 973 St.
972 937 1139 972 ramulosa
1170 937 1335 977 disum-1:13
1363 950 1379 970 a
1412 937 1654 985 subsequente,
1688 950 1831 984 quocum
1862 939 1970 985 sporis
1996 940 2164 986 patriaque
2191 945 2260 972 ant-

661 1000 779 1033 arctica
813 999 980 1044 congruit,
1022 997 1150 1043 longius
1184 994 1314 1030 videtur
1352 995 1481 1030 distare.
1518 1018 1561 1022 -—
1599 997 1739 1030 Pocletta
1769 996 1865 1030 2—3
1897 1010 1967 1030 unc.
2004 997 2081 1037 alta,
2122 999 2262 1044 primum

661 1060 788 1099 stricta,
829 1063 953 1097 erecta,
986 1056 1117 1090 demum
1162 1054 1544 1095 adscemlenti-cnrvata‚
1587 1057 1700 1089 teretia
1729 1056 1744 1089 l.
1775 1056 2048 1103 subcompressa,
2084 1056 2263 1103 sastigiato-

661 1131 801 1159 ramosa,
828 1118 933 1164 primo
960 1115 1082 1162 diuque
1108 1115 1264 1148 corticata
1293 1113 1676 1156 albido-cinerascentia‚
1708 1115 1781 1149 dein
1809 1116 1932 1149 cortice
1962 1116 2030 1149 basi
2059 1115 2265 1162 disparente,

662 1176 748 1211 nuda
775 1183 872 1223 atque
902 1173 1219 1208 ruso-l'uscescentia.
1278 1172 1511 1220 Phyllocladfa
1539 1174 1645 1220 primo
1682 1174 1769 1208 velut
1804 1187 1961 1208 verrucae
1992 1187 2009 1208 e
2037 1179 2138 1208 strato
2166 1175 2264 1208 corti-

665 1237 724 1270 cali
753 1234 1016 1283 prorumpentia,
1050 1232 1123 1265 dein
1153 1233 1183 1265 in
1210 1233 1354 1266 ramulos
1390 1245 1491 1279 parce
1519 1232 1745 1280 digitatimque
1774 1233 1897 1267 divisos
1926 1233 1944 1266 Ι.
1973 1233 2267 1272 inciso-creiiatos‚

665 1296 862 1334 subteretes,
890 1295 1142 1331 cinei-ascenae&
1171 1292 1321 1332 minutos,
1351 1304 1488 1338 sparsos
1513 1293 1748 1326 excrescentia.
1807 1291 2012 1340 Cephalodia
2040 1305 2167 1338 magna,
2194 1291 2267 1338 glo·

667 1355 749 1389 bosa
778 1354 795 1387 l.
822 1353 910 1386 vario
937 1350 1036 1385 niodo
1067 1350 1449 1397 scrobicnlato-rugosa,
1476 1349 1619 1397 podetiis
1649 1351 1698 1384 vel
1727 1351 1925 1385 ramulorum
1960 1351 2109 1398 apicibus
2146 1349 2268 1389 adfixa,

666 1413 764 1447 thallo
793 1411 901 1459 paullo
930 1408 1108 1457 pallidiora.
1166 1409 1353 1456 Apothecia
1380 1422 1505 1456 magna,
1532 1409 1627 1443 diam.
1657 1410 1674 1442 4
1695 1423 1733 1443 m.
1753 1423 1793 1443 m.
1822 1416 1853 1443 et
1883 1410 1972 1449 ultra,
2000 1410 2152 1450 solitaria,
2181 1422 2269 1443 sem-

667 1486 728 1520 per
755 1470 949 1510 terminaliw,
986 1468 1097 1502 discus
1137 1469 1243 1515 primo
1286 1468 1401 1515 planus
1432 1474 1464 1502 et
1492 1469 1637 1515 margine
1667 1469 1872 1516 prominente
1900 1470 2041 1509 cinctus,
2079 1481 2156 1502 mox
2187 1481 2267 1502 con-

669 1544 772 1565 vexus
800 1536 832 1564 et
861 1528 969 1563 medio
995 1527 1175 1574 depressus
1210 1540 1380 1574 saepeque
1413 1527 1757 1568 rotundato-lobatus,
1792 1527 1903 1562 colore
1938 1527 2056 1568 nitido,
2102 1527 2270 1561 brunneo-

669 1596 749 1630 atro,
792 1588 944 1635 excipulo
982 1599 1111 1626 crasso,
1147 1593 1241 1621 extus
1278 1586 1436 1633 ruguloso
1472 1592 1504 1620 et
1540 1586 1658 1633 pallide
1697 1587 2048 1633 sanguineo-brunneo
2085 1586 2270 1633 impositus.

670 1649 754 1684 Asci
781 1646 1041 1686 inflato-clavati,
1069 1645 1227 1691 elongati,
1257 1645 1480 1692 fi—S-spori‚
1518 1644 1762 1692 parapliysibus
1794 1658 1893 1692 parce
1921 1647 2075 1686 ramosis,
2110 1646 2270 1692 capitato-

670 1708 858 1742 incrassatis
886 1706 999 1745 cincti3
1026 1718 1147 1752 sperae
1176 1709 1294 1743 rectae,
1322 1704 1458 1745 validae,
1485 1703 1635 1744 lineolae,
1660 1704 1937 1751 3—7-septatae,
1964 1705 2144 1744 (Low—50
2169 1717 2209 1737 m.
2229 1717 2271 1739 m.

672 1768 791 1814 longae
815 1772 847 1800 et
874 1766 1074 1806 Quom-(30
1106 1777 1146 1797 m.
1175 1776 1216 1796 m.
1241 1763 1333 1797 latae.
1392 1763 1639 1810 Spermogonia
1667 1776 1775 1810 prope
1806 1762 1979 1810 apothecia
2007 1763 2187 1798 verruculis
2214 1764 2275 1797 im-

672 1838 796 1862 mersa:
820 1825 995 1872 spermatia
1024 1823 1074 1857 St.
1102 1821 1264 1855 ramulosz'
1291 1821 1413 1862 similia,
1442 1823 1621 1861 (Lori—13
1650 1835 1690 1856 m.
1721 1835 1760 1855 m.
1790 1822 1898 1869 longa.

824 1919 920 1955 Obs.
956 1921 982 1954 1.
1037 1917 1072 1952 ln
1103 1917 1391 1952 Commentatione
1427 1923 1538 1950 nostra
1566 1916 1572 1950 l
1613 1929 1640 1950 c.
1669 1916 1707 1950 ad
1742 1930 1837 1950 unam
1872 1917 2017 1963 speciem
2046 1917 2276 1962 conjunximus

677 1981 729 2017 St.
746 1981 866 2026 Argus
885 1978 1014 2013 HOOK.
1035 1978 1076 2012 fil.
1105 1983 1137 2011 et
1159 1975 1282 2010 TAYL.
1309 1981 1341 2009 et
1366 1975 1418 2010 St.
1448 1989 1708 2022 vmcrocmpltm
1736 1975 1779 2009 A.
1804 1974 1914 2009 Ricn.
1942 1974 2046 2023 (Voy.
2064 1975 2105 2010 de
2126 1974 2272 2010 l'Astrol.

676 2039 755 2075 Bot.
784 2039 807 2074 I.
836 2053 868 2086 p.
896 2038 959 2083 34)
988 2050 1060 2072 eam
1086 2036 1130 2071 ob
1159 2048 1318 2075 caussam,
1345 2034 1433 2081 quod
1462 2047 1569 2081 neque
1587 2033 1765 2081 descriptio
1789 2047 1898 2082 neque
1927 2034 2028 2081 figura
2058 2033 2277 2069 Richardiana

677 2100 711 2145 (l.
736 2113 763 2134 c.
791 2105 811 2133 t.
839 2098 871 2132 9.
900 2097 918 2131 f.
947 2097 985 2140 li)
1013 2095 1077 2129 ullo
1117 2093 1215 2128 modo
1244 2107 1259 2127 a
1288 2093 1396 2140 planta
1438 2092 1649 2127 Hookeriana
1688 2093 1794 2127 differt
1831 2094 1890 2127 nisi
1930 2093 2073 2140 podetiis
2111 2094 2277 2140 ramisque

678 2158 909 2206 aliquantulum
938 2155 1141 2202 longioribus
1169 2160 1200 2187 et
1226 2152 1464 2200 gracilioribus.
1516 2150 1640 2198 Neque
1670 2152 1854 2186 distributio
1889 2152 2113 2200 geographica
2142 2151 2279 2200 impedit

680 2219 755 2266 quin
783 2218 1030 2262 conjungantur.
1089 2212 1227 2247 Minime
1261 2211 1391 2258 quidem
1430 2210 1526 2244 nobis
1566 2211 1669 2251 latuit,
1710 2211 1761 2246 St.
1788 2225 2049 2258 nmerocmpum
2080 2224 2096 2245 a
2131 2211 2278 2258 plurimis

681 2277 871 2311 auctoribus
899 2280 964 2315 (ex.
992 2287 1039 2320 gr.
1069 2271 1310 2311 MONTAGNE,
1337 2268 1509 2304 HOOKER
1536 2269 1594 2310 lil.‚
1627 2268 1694 2304 CH.
1724 2268 1961 2305 BABINGTON
1989 2271 2191 2317 ceterisque)
2217 2284 2280 2317 pro

682 2337 837 2369 varietate
868 2333 918 2368 St.
950 2332 1114 2366 ramulosz·
1143 2330 1273 2370 haberi,
1307 2329 1365 2363 sed
1395 2342 1494 2376 quum
1525 2327 1595 2363 Cel.
1624 2327 1806 2363 RICHARD
1826 2329 1843 2362 Ι.
1860 2342 1888 2362 c.
1904 2329 1999 2362 etiam
2026 2327 2122 2374 hujus
2148 2328 2279 2376 plantae

682 2394 850 2429 tradiderit
876 2392 1010 2439 figuram
1039 2390 1149 2424 habitu
1178 2388 1489 2434 characteribusque
1518 2388 1594 2421 satis
1623 2387 1801 2427 diversam,
1829 2387 1943 2421 melius
1972 2387 2069 2421 nobis
2096 2389 2200 2421 visum
2231 2393 2281 2422 est

684 2453 736 2488 St.
762 2464 1023 2497 macrocmpum
1051 2448 1089 2482 ad
1118 2447 1169 2483 St.
1201 2447 1337 2491 Argum
1372 2446 1511 2487 referre,
1543 2448 1690 2492 quamvis
1727 2445 1847 2480 nullum
1886 2447 2055 2493 specimen
2086 2447 2167 2494 orig.
2196 2447 2280 2481 illius

685 2511 808 2558 speciei
836 2508 1021 2542 viderimus.
1073 2506 1198 2540 Postea
1226 2510 1333 2538 autem
1360 2503 1430 2538 Cel.
1458 2503 1689 2538 BIONTAGNE
1718 2504 1861 2551 benigne
1889 2506 2142 2540 communicavit
2170 2507 2280 2553 speci-

686 2584 759 2605 men
785 2582 825 2604 ex
850 2568 909 2601 ins.
935 2565 1019 2601 Juan
1048 2564 1245 2600 Fernandez
1280 2563 1320 2597 ad
1356 2562 1408 2597 St.
1432 2563 1636 2596 ramulosum
1664 2560 1700 2602 β.
1731 2563 1865 2607 elegans
1897 2563 2067 2599 evidenter
2098 2565 2281 2611 pertinens,

690 2627 780 2677 quod
808 2640 882 2661 cum
910 2625 1145 2673 speciminibus
1165 2622 1414 2657 Richardianias
1443 2621 1495 2656 St.
1521 2628 1738 2669 macrocarpi
1765 2622 1806 2657 ab
1831 2623 1905 2669 ipso
1935 2625 2133 2670 comparatis
2151 2625 2283 2659 omnino
