2435 3188
711 267 795 310 12ὶὶΙ

885 372 946 421 sp.
975 372 1029 408 14.
1082 369 1408 408 PISCATORIUS.
1436 382 1469 419 p.
1498 370 1576 406 103.
1601 369 1652 406 Pl.
1682 370 1714 405 5.
1741 368 1812 405 tab.
1842 368 1874 404 5.

738 461 800 495 Syn.
822 461 952 499 Lycosa
974 459 1165 498 piscatoria
1193 461 1282 487 Weslr.
1306 459 1367 486 Act.
1390 457 1509 486 Gothob.
1535 461 1618 486 1851.
1642 468 1666 495 p.
1691 461 1736 486 54.

1099 525 1301 576 [Pomm
1330 523 1577 573 piscatoria
1603 523 1803 575 (Clerclc.)]

805 641 960 678 Omnino
1000 639 1141 676 diversa
1175 637 1326 687 species,
1367 650 1459 687 quae
1489 650 1665 687 nusquam
1703 638 1770 674 nisi
1799 638 1894 687 apud
1933 639 2155 675 CLERCKIUM
2183 636 2245 673 de-

657 700 786 749 scripta
812 704 874 742 est,
903 711 1017 748 pauca
1041 698 1100 734 illa
1137 697 1167 733 si
1204 697 1404 745 exceperis,
1445 709 1536 746 quae
1565 697 1610 733 de
1636 710 1678 733 ea
1705 697 1794 733 dixit
1819 697 1971 734 Wsssm.
2001 697 2110 747 (loco,
2139 707 2246 746 quem

658 772 764 808 supra
784 758 935 807 scripsi).
989 757 1082 793 Nam
1109 757 1253 793 Kocnn
1281 757 1321 791 P.
1342 762 1536 804 piscatoria
1563 756 1629 792 alia
1669 756 1711 792 sit
1739 769 1890 792 necesse
1915 760 1977 792 est.
2028 756 2064 791 A
2088 755 2246 792 WALcK.

657 822 692 854 et
719 818 833 855 SUND.
861 830 957 866 spec.
985 815 1094 865 priori
1119 815 1340 866 (piraticae)
1366 813 1601 864 subjungitur,
1640 815 1704 851 sed
1743 828 1816 851 non
1851 819 1965 856 recte;
2003 813 2113 850 multo
2152 813 2246 849 enim

657 878 772 924 major
800 880 852 912 est
877 881 912 912 et
937 874 1135 916 obscurior,
1163 872 1469 923 cephalothoracis
1484 873 1704 923 longitudine
1719 874 1754 910 in
1772 874 1898 910 adultis
1923 873 2063 909 circiter
2079 873 2101 908 5
2116 872 2245 908 millim.

656 936 695 971 In
722 934 894 983 Uplandia
919 947 939 970 a
964 947 1021 970 me
1047 933 1164 969 adhuc
1191 945 1264 968 non
1291 932 1432 968 inventa
1459 938 1526 973 est;
1554 933 1721 969 feminam
1748 946 1835 969 vero
1860 932 2013 968 adultam
2035 933 2069 967 in
2085 931 2247 967 VVestro-

656 993 775 1044 gothia
801 993 888 1042 cepi,
918 993 953 1028 in
976 1005 1114 1028 summa
1136 1004 1228 1041 aqua
1256 997 1459 1028 currentem
1484 994 1594 1041 (quae
1618 1005 1712 1028 nunc
1749 992 1784 1028 in
1817 991 1984 1028 thesauro
2010 991 2248 1028 VVESTRINGH

658 1054 883 1101 asservatur),
911 1056 946 1088 et
971 1051 1036 1087 tria
1061 1050 1245 1099 exempla,
1273 1050 1433 1086 nondum
1461 1055 1579 1087 tamen
1617 1051 1743 1087 adulta.
1771 1051 1807 1087 in
1835 1048 2066 1100 Ostrogothia
2091 1063 2110 1086 a
2137 1050 2244 1086 Dom.

658 1125 690 1149 v.
719 1112 815 1148 Pos'r
846 1112 945 1151 lecta,
972 1123 1067 1146 nunc
1094 1115 1174 1147 ante
1205 1109 1331 1146 oculos
1371 1108 1505 1153 habeo,
1541 1123 1694 1160 quorum
1734 1110 2008 1159 descriptionem
2047 1108 2245 1158 adjungere

657 1171 767 1207 liceat.

805 1300 985 1336 ΡοΤΑΜιΑ
1015 1301 1203 1347 piscatoria
1235 1298 1449 1349 (merck.)
1483 1321 1527 1326 —
1555 1298 1666 1349 Long.
1695 1298 1834 1335 circiter
1869 1300 1912 1334 10
1936 1298 2067 1335 millim.
2095 1299 2132 1348 (2
2154 1299 2244 1347 ad.);

880 1359 949 1406 892
976 1357 1106 1394 millim.
1134 1359 1185 1406 (ς)71
1205 1359 1286 1407 jure.
1312 1362 1346 1394 et
1370 1366 1388 1399 2
1408 1360 1504 1407 jun.)

738 1437 799 1470 Syn.
824 1435 883 1462 vide
906 1445 993 1472 supra.

800 1506 1044 1557 Nigro-fusca,
1069 1506 1328 1550 sub-olivacea,
1357 1507 1438 1543 vitta
1465 1507 1510 1544 ad
1537 1508 1714 1558 margines
1742 1508 1849 1557 partis
1881 1507 2083 1545 thoracicae
2122 1508 2240 1550 nivea;

655 1565 834 1602 abdomen
865 1566 1141 1616 nigro-fuscum,
1179 1566 1272 1602 linea
1311 1567 1473 1616 utrinque
1509 1567 1543 1602 in
1572 1567 1680 1603 latere
1719 1567 1836 1603 antico
1877 1567 2082 1603 abbreviata
2121 1567 2240 1609 nivea,

655 1624 864 1674 punctisque
890 1625 923 1660 in
951 1625 1060 1661 dorso
1088 1625 1237 1673 postico,
1263 1625 1366 1661 etiam
1395 1625 1515 1667 niveis,
1544 1625 1577 1660 in
1601 1625 1689 1661 duas
1716 1626 1827 1661 series
1855 1626 2044 1675 dispositis.

800 1725 921 1761 Descr.
949 1734 983 1770 0⁷¹
1012 1735 1029 1767 2
1056 1728 1128 1775 jun.
1157 1748 1201 1754 —-
1235 1726 1581 1776 Cephalothorax
1618 1729 1815 1770 ob-ovatus,
1854 1728 2006 1777 disperse
2038 1728 2180 1776 pilosus,
2213 1729 2244 1763 in

654 1784 755 1820 dorso
780 1798 965 1827 convexus,
995 1786 1081 1835 long.
1113 1786 1133 1820 4
1161 1787 1296 1828 minim,
1325 1787 1445 1822 latitud,
1477 1788 1605 1822 circiter
1637 1787 1673 1834 Ὗ,
1705 1787 1929 1834 longitudinis,
1956 1788 2125 1835 angustior
2147 1788 2244 1835 igitur

654 1856 749 1891 quam
772 1844 804 1878 in
834 1845 873 1879 P.
895 1850 1067 1892 piratica,
1106 1847 1206 1894 partis
1234 1846 1423 1894 cephalicae
1450 1846 1604 1881 lateribus
1638 1845 2008 1888 convexo-declivibus,
2034 1846 2138 1881 fronte
2165 1847 2243 1889 lata,

652 1902 821 1938 humiliore
859 1916 956 1951 quam
983 1905 1013 1938 in
1046 1905 1114 1946 illa,
1153 1905 1317 1940 dimidiam
1351 1905 1557 1941 mandibulae
1592 1905 1827 1953 longitudinem
1859 1907 1912 1941 vix
1940 1906 2107 1954 aequanti,
2141 1907 2243 1954 partis

652 1961 838 1997 thoracicae
864 1963 1017 1998 lateribus
1043 1964 1159 1999 leviter
1183 1964 1374 1999 rotundatis.
1415 1964 1609 1999 Sternum
1638 1964 1750 2006 latum,
1778 1964 2076 2000 cordato-ovatum.
2117 1964 2240 2000 Oculi

653 2027 688 2055 ut
716 2022 745 2056 in
778 2020 817 2056 P.
844 2023 978 2070 piratica
1005 2023 1088 2063 fere;
1128 2029 1235 2058 antici
1262 2030 1415 2072 quattuor
1441 2025 1559 2059 seriem
1587 2023 1726 2058 formant
1749 2025 1879 2071 postice
1907 2037 2105 2066 convexam,
2141 2025 2237 2059 mani-

653 2080 735 2115 feste
764 2081 962 2128 longiorem,
1003 2095 1098 2129 quam
1138 2084 1240 2118 series
1276 2083 1447 2118 oculorum
1484 2084 1682 2122 mediorum,
1723 2084 1777 2130 qui
1813 2084 1896 2117 inter
1928 2096 1965 2118 se
1992 2084 2098 2130 spatio
2124 2096 2239 2131 parum

652 2141 776 2174 minore
805 2139 937 2181 distant,
965 2153 1060 2188 quan]
1087 2154 1153 2189 quo
1179 2155 1197 2176 a
1222 2147 1367 2190 posticis
1394 2141 1527 2177 duobus
1553 2142 1667 2177 remoti
1698 2147 1780 2177 sunt.
1834 2140 1998 2179 Quattuor
2023 2142 2118 2176 antici
2144 2155 2240 2190 prae-

652 2204 740 2233 terea
771 2204 820 2233 sat
852 2200 976 2247 magni,
1013 2200 1110 2235 medii
1137 2214 1250 2236 eorum
1279 2201 1387 2249 paullo
1416 2203 1575 2247 majores,
1606 2213 1702 2248 quam
1733 2200 1898 2241 laterales,
1934 2206 1966 2234 et
1993 2201 2076 2235 inter
2103 2214 2139 2235 se
2167 2201 2238 2236 lon-

650 2259 722 2304 gius
752 2257 918 2300 distantes,
946 2271 1041 2306 quam
1069 2260 1110 2294 ab
1138 2259 1204 2302 his,
1232 2274 1293 2295 nec
1321 2260 1421 2294 multo
1449 2261 1609 2301 minores,
1638 2273 1733 2307 quam
1762 2258 1846 2293 oculi
1872 2258 1938 2292 duo
1960 2259 2087 2306 postici.
2128 2258 2238 2295 Man-

651 2316 820 2350 dibulae
848 2316 964 2358 sortes,
1001 2318 1213 2367 cylindricae,
1252 2320 1348 2353 tibiae
1383 2320 1507 2353 anticae
1547 2318 1762 2365 longitudine,
1787 2317 1911 2352 femore
1938 2318 1991 2352 vix
2021 2319 2238 2366 angustiores.

652 2373 853 2409 Maxillae
893 2382 1025 2417 ovatae,
1063 2378 1157 2424 apice
1198 2377 1296 2419 latae,
1339 2377 1438 2412 latere
1476 2378 1637 2412 exteriore
1673 2376 1796 2411 fortiter
1826 2376 2034 2419 rotundatae,
2072 2378 2142 2412 basi
2170 2378 2237 2413 fere

650 2441 774 2474 rectae,
802 2434 1071 2481 sub—parallelae,
1105 2436 1199 2483 apice
1225 2448 1353 2471 summo
1385 2436 1469 2469 intus
1497 2435 1631 2482 oblique
1660 2441 1817 2470 truncato.
1869 2433 2040 2471 Labium
2073 2442 2121 2471 sat
2146 2450 2237 2485 mag-

650 2505 741 2532 num,
774 2492 937 2527 latitudine
971 2494 1115 2541 longius,
1153 2494 1224 2529 basi
1260 2493 1550 2540 sub-quadratum,
1587 2507 1704 2529 versus
1737 2494 1863 2542 apicem
1891 2501 2112 2542 angustatum,
2141 2497 2236 2544 apice

649 2551 710 2586 late
740 2557 937 2592 truncatum,
962 2553 1286 2599 sub-emarginatnm.
1339 2551 1460 2600 Palpi
1486 2553 1671 2594 breviores,
1696 2559 1744 2587 sat
1770 2554 1881 2588 crassi.
1933 2552 2072 2589 Pedes
2099 2554 2236 2596 breves,

649 2611 764 2651 crassi,
791 2610 884 2651 setis,
919 2610 992 2657 pilis
1019 2611 1222 2659 longioribus
1249 2618 1280 2647 et
1307 2612 1500 2653 rarioribus,
1525 2618 1623 2660 atque
1650 2612 1771 2647 aculeis
1798 2613 1924 2660 parvis,
1951 2618 2000 2648 sat
2027 2613 2106 2648 raris
2134 2625 2230 2661 prae-
