2435 3188
1656 239 1738 281 135

206 363 279 394 tera
319 353 435 404 paullo
475 350 636 390 crassior,
664 347 873 384 sub-albida.
922 349 1089 396 Epigyne
1114 358 1162 381 ex
1189 344 1303 381 foveis
1338 344 1477 381 duabus
1519 344 1685 394 oblongis
1709 350 1790 381 ante

206 417 328 453 rimam
352 410 539 462 genitalem
571 411 716 449 constat,
740 411 842 455 septo
867 404 1113 455 longitudinali
1137 404 1330 452 disjunctis.
1357 425 1404 432 —-
1430 403 1492 438 Ad
1517 402 1608 439 hanc
1634 403 1792 451 speciem

208 475 270 511 Ar.
299 474 444 508 murata
472 467 595 504 Fabr.
623 466 717 514 (Ent.
747 465 844 514 Syst.
874 465 914 500 II.
944 477 977 513 p.
1007 464 1097 513 416)
1122 463 1273 499 fortasse
1300 461 1492 498 referenda
1523 465 1586 498 est.

428 612 486 660 Sp.
518 611 550 646 6.
602 608 798 646 ROSEUS.
828 621 861 657 p.
894 607 973 645 137.
1000 607 1050 643 Pl.
1081 607 1112 642 6.
1141 606 1210 642 tab.
1241 607 1273 643 7.

348 699 430 734 Mas
467 694 687 744 insequentis
727 693 861 742 speciei
901 695 1125 742 (virescentis)
1166 692 1224 729 hic
1260 695 1328 733 est,
1369 695 1407 727 ut
1432 702 1528 726 nuno
1553 690 1645 727 inter
1670 703 1797 727 omnes

205 761 347 796 constat.

427 822 488 871 Sp.
518 823 549 858 7.
602 819 878 856 VIRESCENS.
910 833 943 869 p.
975 820 1056 856 138.
1083 818 1133 856 Pl.
1163 819 1195 855 6.
1221 817 1290 855 tab.
1318 819 1350 853 4.

285 913 347 947 Syn.
369 911 521 939 Araneus
542 918 660 937 roseus
682 910 774 936 Clerclc.
796 918 822 946 p.
848 911 910 937 137.
934 908 969 946 pl.
994 912 1018 937 6.
1041 907 1096 936 tab.
1120 910 1145 935 7.

364 961 495 988 Arauea
518 958 733 986 viridissima
754 959 792 985 De
811 959 883 986 Geer.
905 968 930 996 p.
954 962 1020 986 252.
1043 957 1079 995 pl.
1105 959 1148 985 18.
1171 957 1236 993 figg.
1261 958 1368 984 6—16.

517 1006 739 1044 smaragdula
761 1007 837 1035 Fabr.
859 1008 923 1035 Ent.
945 1008 1016 1045 Syst.
1040 1007 1077 1035 ΙΙ.
1099 1016 1125 1044 p.
1149 1009 1214 1034 412.

364 1057 608 1087 Micrommata
629 1056 849 1094 smaragdina
871 1059 953 1085 Halm.
976 1057 998 1085 I.
1022 1066 1047 1094 p.
1073 1059 1138 1084 119.
1158 1054 1224 1083 Tab.
1246 1053 1382 1082 XXXIII.
1404 1054 1449 1092 fig.
1473 1057 1518 1082 89.
1540 1054 1570 1082 Α.
1592 1056 1619 1081 et
1640 1054 1669 1081 B.

364 1109 549 1146 Sparassus
571 1106 814 1142 smaragdinus
836 1107 916 1134 Sund.
941 1108 1001 1135 Act.
1024 1105 1118 1134 Holm.
1144 1107 1228 1133 1831.
1250 1114 1276 1141 p.
1303 1106 1366 1132 147.

574 1155 815 1192 smaragdulus
841 1158 936 1184 Walck.
959 1156 1014 1184 Ins.
1037 1156 1101 1192 Apt.
1124 1154 1146 1181 I.
1169 1163 1195 1191 p.
1220 1157 1285 1181 582.

570 1204 749 1233 virescens
772 1207 849 1233 Koch.
872 1205 923 1233 Die
945 1205 1063 1233 Arachn.
1086 1203 1152 1231 XII.
1173 1213 1198 1241 p.
1223 1205 1268 1230 87.
1289 1203 1335 1240 fig.
1361 1205 1445 1232 1019.

779 1257 870 1282 Weslr.
893 1256 954 1282 Act.
978 1253 1097 1281 Gothob.
1124 1255 1208 1280 1851.
1230 1262 1255 1289 p.
1280 1256 1326 1280 49.

644 1313 880 1364 [SPARAssus
906 1313 946 1349 vi
955 1325 972 1349 r
981 1325 1001 1348 e
1009 1325 1026 1348 s
1035 1325 1054 1348 c
1063 1325 1083 1348 e
1092 1324 1115 1347 n
1122 1324 1140 1348 s
1166 1311 1357 1362 (Clerck.)]

355 1444 397 1480 A.
429 1458 544 1479 roseus
574 1444 641 1492 (sp.
663 1442 847 1491 superior)
874 1445 908 1478 et
934 1442 977 1477 Α.
1003 1447 1168 1476 virescens
1195 1449 1229 1486 0²
1256 1444 1290 1476 et
1317 1448 1335 1481 2
1362 1442 1443 1476 sunt
1470 1437 1635 1486 ejusdem
1654 1436 1804 1486 speciei,

209 1505 265 1540 cui
291 1515 423 1539 nomen
441 1504 619 1550 feminae,
649 1513 741 1550 quae
765 1501 875 1537 multo
903 1500 1029 1537 melius
1045 1499 1187 1549 cognita
1207 1503 1276 1542 est,
1303 1511 1410 1550 quam
1429 1510 1521 1540 mas,
1548 1495 1807 1546 imponendum

210 1575 306 1605 esse,
335 1575 415 1598 cum
445 1562 600 1599 Koemo
628 1566 663 1597 et
690 1560 939 1597 WESTRINGIO
968 1571 1112 1596 censeo.

931 1775 954 1810 8
982 1773 1086 1810 CAP.

948 1836 985 1868 (p.
1007 1832 1075 1866 143.)

443 1912 504 1953 De
534 1913 676 1953 Altero
710 1913 963 1953 Araneorum
994 1913 1171 1965 aymine,
1202 1911 1281 1950 sive
1311 1910 1579 1963 AQUATJGJS.

366 2021 515 2070 Species
552 2025 625 2057 tota
660 2022 823 2070 Europa,
859 2024 1008 2070 propter
1046 2018 1263 2069 singularem
1303 2018 1396 2054 vitae
1435 2017 1592 2068 degendi
1623 2016 1814 2056 rationem,

221 2081 454 2118 celeberrima
480 2084 586 2129 atque
622 2079 821 2123 notissima,
862 2092 968 2129 quam
997 2091 1104 2115 unam
1129 2078 1166 2114 in
1196 2076 1267 2113 hoo
1294 2077 1380 2126 Cap.
1407 2076 1555 2113 illustrat
1587 2077 1815 2115 Cuncxms,

221 2139 388 2176 Familiae
415 2141 672 2175 Drassidarum
700 2139 787 2175 Sun
798 2138 830 2175 d.
861 2143 929 2181 est3
956 2140 1059 2186 cujus
1088 2149 1296 2186 synonyma
1323 2136 1452 2172 afferre
1479 2135 1563 2172 nihil
1588 2133 1721 2184 negotii
1747 2136 1816 2174 est,

222 2210 331 2248 quum
355 2199 438 2235 satis
465 2202 616 2240 constat,
657 2198 803 2234 alteram
841 2209 1053 2234 aranearum
1080 2195 1270 2245 aquatilem
1298 2194 1458 2244 speciem
1490 2193 1607 2230 adhuc
1633 2205 1706 2229 non
1733 2203 1814 2228 esse

219 2258 408 2294 inventam.
438 2279 482 2285 —
511 2257 551 2293 In
578 2258 689 2292 indice
713 2255 803 2293 haec
829 2256 970 2306 species
995 2260 1144 2293 vocatur

445 2375 509 2410 Ar.
537 2375 826 2420 AQUATICUS.
855 2387 887 2424 p.
917 2376 997 2412 143.
1023 2375 1074 2411 Pl.
1102 2374 1134 2409 6.
1162 2372 1233 2410 tab·
1260 2375 1293 2411 8.

301 2461 362 2494 Syn.
385 2462 518 2490 Arauea
540 2463 699 2500 aquatica
721 2464 794 2491 Linn.
817 2463 888 2500 Syst.
911 2463 975 2490 Nat.
998 2462 1049 2490 Ed.
1076 2465 1119 2489 10.
1142 2460 1163 2489 I.
1185 2470 1210 2498 p.
1235 2466 1306 2497 6233
1330 2462 1381 2491 Ed.
1407 2466 1450 2491 12.
1472 2471 1497 2500 p.
1521 2462 1596 2489 1036

742 2515 775 2540 id.
816 2512 902 2540 Faun.
924 2512 1000 2540 Suec.
1022 2511 1072 2539 Ed.
1096 2514 1122 2540 2.
1144 2520 1169 2548 p.
1193 2513 1258 2540 491.

720 2562 757 2588 De
778 2562 843 2588 Geer
865 2561 949 2589 Mem.
973 2561 1038 2589 VII.
1060 2571 1085 2598 p.
1110 2563 1176 2589 303.
1197 2560 1234 2599 pl.
1259 2563 1303 2590 19.
1325 2560 1390 2598 figg.
1415 2563 1521 2590 5—13.

723 2610 799 2637 Fabr.
822 2610 885 2638 Eut.
907 2610 978 2647 Syst.
1001 2610 1039 2638 II.
1062 2619 1087 2647 p.
1110 2611 1176 2637 418.
