2435 3188
708 235 793 276 324

648 344 723 377 tiam
748 343 900 390 permulti
926 350 999 379 sunt
1025 345 1143 385 secuti,
1179 345 1262 380 inter
1289 359 1374 393 quos
1402 346 1539 380 eximius
1566 346 1618 381 ille
1647 346 1827 394 plantarum
1857 354 2144 397 cryptogamarum
2171 348 2242 382 illu-

650 407 769 436 strator
802 401 1033 444 D1LLEN1US‚
1073 405 1128 450 qui
1157 404 1186 437 in
1215 403 1372 438 Historia
1413 417 1470 438 sua
1512 405 1712 439 Muscorum
1741 405 2005 452 (MDCCXLI)
2039 405 2246 441 Coralloides

650 460 818 507 quoddam
845 466 996 509 crispum
1025 468 1086 496 etc.
1118 461 1218 501 affert,
1246 462 1307 496 sub
1334 476 1400 510 quo
1426 463 1532 496 onmia
1562 463 1813 511 comprehendit
1836 479 2028 514 synonyma,
2056 464 2097 499 de
2126 466 2245 513 quibus

651 532 749 566 supra
778 522 976 555 mentionem
1004 520 1150 554 fecimus.
1202 518 1382 555 Historiam
1412 534 1546 569 quoque
1563 523 1640 556 satis
1656 522 1752 557 fidam
1769 526 1933 571 proponit,
1960 524 2080 571 figuras
2097 531 2248 560 recenset

652 590 679 612 e.
708 591 733 612 s.
762 591 794 625 p.
823 578 882 613 sed
906 580 1084 626 praecipue
1104 578 1264 613 adversus
1293 578 1487 614 Michelium
1513 580 1576 614 tela
1604 582 1708 615 vertit.
1769 580 1865 616 »Non
1890 583 2057 617 toleranda
2086 589 2170 625 est«,
2198 583 2246 618 in—

651 638 729 684 quit,
765 637 909 671 »licentia
937 636 1095 675 Michelii,
1127 651 1167 672 ex
1192 637 1342 684 ejusdem
1372 638 1502 685 plantae
1523 640 1769 685 speciminibus,
1793 641 1934 675 nonnihil
1960 642 2174 683 variantibus,
2201 648 2249 676 tot

653 694 802 730 diversas
843 696 974 742 species
1016 698 1215 731 statuentis.«
1290 695 1480 744 Sequentes
1519 697 1581 732 alio
1626 697 1728 733 modo
1765 698 1957 745 judicarunt.
2018 699 2134 734 Planta
2162 702 2250 747 ejus,

656 752 863 789 Coralloia'es
890 759 1043 801 crispum
1068 763 1101 789 et
1127 753 1339 802 botryforme
1364 756 1530 804 alpinum,
1558 757 1590 790 ni
1617 756 1763 799 fallimur,
1788 764 1838 792 est
1866 758 1916 793 St.
1946 759 2150 793 cor-alloides.

801 865 839 900 Si
870 872 1041 913 praeterea
1070 864 1295 901 HALLERUM
1322 868 1537 908 nominamus,
1565 869 1618 915 qui
1647 867 1698 903 St.
1729 869 1884 916 alpinum
1905 870 2018 904 iterum
2035 871 2096 905 sub
2118 871 2248 904 nomine

652 924 812 959 Lichenis
845 925 939 959 caule
965 925 1146 970 fruticoso
1181 931 1242 960 etc.
1279 926 1308 959 in
1338 924 1423 960 Hist.
1456 924 1557 973 Stirp.
1584 925 1683 961 Helv.
1713 926 2047 973 (MDCCLXVIII)
2074 929 2250 976 descripsit

651 983 792 1032 huicque
820 997 934 1018 omnes
963 990 1054 1018 antea
1081 983 1265 1031 descriptas
1294 985 1425 1031 species
1450 985 1624 1031 subjunxit,
1650 992 1793 1033 excepto
1814 986 1914 1020 modo
1932 985 2080 1022 Mic-helii
2106 987 2251 1022 Lichene

652 1048 787 1077 minimo
811 1049 890 1082 etc.,
919 1055 1017 1090 quem
1046 1042 1086 1076 ad
1114 1056 1207 1077 suum
1236 1043 1413 1077 Lichenem
1439 1045 1699 1091 quisquiliarum
1729 1046 1869 1080 similem
1895 1051 1955 1080 etc.
1984 1048 2038 1091 (=
2070 1046 2166 1082 Clad.
2196 1046 2250 1080 (le-

653 1101 818 1151 licatmn)
844 1100 947 1142 trahit,
976 1122 1020 1127 —-
1050 1101 1135 1135 unde
1164 1115 1301 1149 magnus
1336 1108 1427 1137 ortus
1454 1109 1504 1137 est
1536 1116 1637 1145 error,
1666 1117 1764 1152 quem
1799 1105 1878 1140 infra
1912 1105 1972 1140 sub
2000 1105 2051 1140 St.
2080 1119 2167 1139 nmio
2194 1118 2251 1139 ex—

653 1162 769 1195 tricare
797 1160 988 1194 conabimur
1024 1182 1069 1186 —
1104 1162 1168 1207 jam
1203 1161 1244 1196 de
1278 1162 1432 1195 omnibus
1468 1163 1667 1197 mentionem
1704 1162 1841 1198 fecimus
1883 1165 2087 1204 auctoribus,
2114 1165 2168 1211 qui
2198 1163 2251 1197 vel

653 1219 789 1253 aliorum
816 1233 881 1253 non
909 1220 1203 1266 transscripserunt
1232 1220 1331 1254 modo
1358 1221 1460 1255 verba
1485 1220 1537 1254 vel
1565 1234 1657 1255 more
1686 1219 1875 1257 Linnaeano
1902 1222 1960 1257 has
1989 1223 2120 1270 species
2147 1221 2250 1256 deno-

654 1278 795 1312 minandi
823 1291 887 1312 non
918 1279 966 1312 usi
995 1284 1077 1312 sunt.

801 1368 977 1411 Linnaeus,
1002 1376 1035 1404 ut
1062 1372 1125 1417 jam
1153 1370 1301 1411 diximus,
1325 1372 1386 1406 sub
1413 1372 1544 1406 nomine
1572 1371 1731 1406 Lichemls
1750 1370 1930 1420 paschalis
1954 1385 2070 1406 omnes
2087 1372 2253 1419 conjunxit

653 1429 784 1475 species
809 1426 990 1471 Suecanas,
1015 1442 1157 1477 eumque
1187 1436 1298 1465 secuta
1326 1437 1376 1464 est
1403 1443 1519 1477 magna
1547 1430 1685 1471 cohors,
1713 1443 1750 1465 ea
1779 1429 1878 1464 modo
1907 1443 1942 1465 re
1970 1438 2125 1478 excepta,
2146 1430 2253 1479 quod,

654 1500 778 1534 genere
807 1493 954 1521 veterum
985 1488 1145 1523 Lim-lienis
1173 1490 1203 1523 in
1232 1489 1328 1523 multa
1355 1489 1471 1529 diviso,
1496 1491 1573 1524 varii
1602 1489 1643 1523 ad
1670 1491 1756 1523 varia
1785 1502 1906 1536 genera
1934 1495 1999 1523 tum
2017 1489 2146 1524 condita
2166 1496 2253 1525 retu-

655 1546 768 1580 lerunt.
821 1544 880 1580 Sic
906 1559 933 1581 e.
962 1560 1009 1593 gr.
1036 1546 1368 1583 WILLDENOVVIUS
1399 1549 1428 1582 in
1457 1548 1513 1582 Fl.
1542 1548 1654 1582 Ber-ol.
1676 1549 1800 1596 prodr.
1836 1547 1877 1581 ad
1922 1547 2105 1583 Cladonias
2143 1549 2253 1584 traxit:

656 1603 928 1639 HOFFMANNUS
955 1606 984 1639 in
1015 1606 1129 1641 lezt.
1159 1607 1272 1647 Ltclz„
1300 1620 1403 1655 opere
1430 1607 1540 1654 liguris
1558 1607 1689 1654 optimis
1706 1607 1885 1654 p1·aetiOSO‚
1907 1607 2019 1653 generi
2044 1620 2103 1641 suo
2135 1607 2254 1642 Coral-

655 1663 752 1698 loz'dc's
768 1663 991 1698 adnumeravit
1008 1664 1234 1706 Stereocaula,
1259 1666 1536 1714 Spleaerophorox
1556 1665 1814 1713 Cetrariamque
1828 1666 2036 1701 aculeatam:
2053 1664 2253 1700 WAELEN—

655 1733 821 1757 BERGIUS
850 1724 895 1768 (in
923 1722 973 1757 Fl.
1005 1721 1114 1771 Lapp.
1144 1728 1223 1768 etc.)
1258 1725 1297 1759 ad
1334 1726 1569 1772 Baeomycetes
1604 1724 1661 1759 has
1696 1725 1822 1772 plantas
1855 1738 1915 1758 una
1950 1737 2022 1759 cum
2063 1724 2253 1766 Cladoniis,

656 1782 836 1829 Baeomyc.
864 1796 970 1822 roseo,
1003 1783 1151 1817 Biatom
1194 1781 1343 1829 byssoide
1368 1784 1655 1831 placopltyllaque
1688 1790 1720 1818 et
1755 1783 1900 1831 Szssplmla
1944 1782 2094 1819 Ceratite
2132 1784 2254 1823 retulit;

657 1839 874 1876 VENTENAT
900 1854 1004 1888 genus
1036 1841 1206 1881 Tltamnii,
1233 1842 1451 1877 ‚S'tereocaula
1480 1842 1819 1891 Sphaerophorosque
1846 1843 2065 1889 amplectens,
2093 1841 2253 1882 condidit3

657 1898 920 1935 HUMBOLTIUS
960 1900 1101 1948 denique
1136 1901 1187 1934 ille
1225 1902 1255 1934 in
1288 1900 1340 1935 Fi.
1369 1900 1451 1936 Frib
1492 1900 1792 1947 (MDCCXCIII)
1825 1922 1870 1927 ——
1906 1901 1996 1948 quod
2030 1902 2142 1935 mirum
2175 1913 2253 1935 sane

658 1958 786 1992 videtur
812 1981 857 1985 —
893 1961 1024 1993 nomine
1057 1960 1214 2006 generico
1259 1959 1484 1994 Verrucariae
1529 1975 1594 1995 non
1637 1961 1741 1995 solum
1784 1960 1842 1994 has
1882 1960 2025 2007 plantas,
2070 1958 2254 1994 Cladoniccs

659 2016 1007 2065 §sphaeroplzorosquffl
1038 2018 1098 2053 sed
1125 2019 1219 2052 etiam
1252 2018 1672 2059 Urceolariamcineream,
1698 2019 1876 2053 Lecidea222
1897 2017 2252 2058 albocoerulescentem,

657 2081 894 2111 atr-avirentem
916 2083 1252 2124 sangainariamque,
1286 2076 1430 2112 Collema
1458 2083 1606 2123 wigrum,
1645 2078 1884 2112 Verrucariam
1911 2086 2097 2125 rupestrem
2126 2091 2152 2112 e.
2176 2092 2201 2112 s.
2223 2091 2254 2125 p.

657 2136 817 2169 nominata
846 2136 956 2170 voluit.
1012 2135 1074 2170 His
1100 2149 1233 2184 quoque
1261 2136 1465 2183 temporibus
1494 2137 1595 2183 prima
1615 2138 1685 2171 vice
1700 2151 1804 2184 genus
1820 2136 2028 2170 Stereocaulz
2045 2137 2253 2183 propositum

658 2200 708 2227 est
735 2207 751 2227 a
777 2192 1017 2230 SCHREBERO
1053 2197 1082 2229 in
1119 2194 1205 2229 Gen.
1234 2195 1332 2242 plant.
1358 2193 1735 2240 (MDCCLXXXIX)
1768 2197 1894 2243 riteque
1928 2195 2109 2235 limitatum,
2139 2208 2253 2242 quam-

658 2266 755 2300 quam
784 2266 800 2286 a
829 2254 1044 2301 sequentibus
1072 2254 1260 2288 auctoribus
1285 2254 1479 2300 (praecipue
1507 2251 1750 2288 HoFFMANNo
1779 2255 1808 2287 in
1833 2253 1996 2288 Deutsch.
2025 2253 2076 2287 Fl.
2106 2252 2153 2297 II)
2181 2253 2255 2287 huic

657 2311 889 2347 adnumeratae
923 2319 996 2347 sunt
1026 2313 1155 2360 plantae
1189 2318 1259 2346 toto
1291 2312 1385 2346 coelo
1415 2312 1574 2345 diversae.
1615 2331 1658 2337 ——
1699 2310 1955 2346 Observandum
1984 2318 2090 2346 tamen
2118 2318 2185 2353 est,
2212 2312 2253 2345 ab

658 2371 828 2411 botanicis,
855 2372 884 2405 in
915 2371 1054 2406 diversis
1087 2372 1278 2418 regionibus
1317 2371 1531 2418 degentibus,
1568 2370 1714 2405 diversas
1754 2372 1885 2418 species
1922 2371 2052 2404 nomine
2073 2370 2254 2418 paschalis

657 2430 836 2476 praecipue
863 2443 938 2465 esse
965 2431 1136 2471 salutatas,
1164 2432 1233 2464 sive
1267 2431 1413 2477 speciem
1454 2442 1656 2477 unoquoque
1684 2429 1759 2463 loco
1786 2429 2049 2476 vulgatissimam.
2104 2428 2157 2463 Ex
2187 2442 2254 2476 quo

658 2487 840 2522 declaratur
864 2501 1008 2536 quoque,
1029 2502 1086 2523 cur
1110 2490 1204 2523 etiam
1232 2488 1281 2522 his
1309 2489 1515 2535 temporibus
1543 2487 1607 2521 hoc
1633 2500 1750 2521 nomen
1779 2487 1916 2522 diversis
1932 2489 2109 2534 speciebus
2133 2489 2252 2522 tribua-

658 2553 716 2580 tur.
771 2545 866 2580 Hanc
893 2560 960 2581 rein
992 2547 1057 2581 hoc
1095 2547 1169 2581 loco
1203 2547 1335 2581 ulterius
1374 2559 1542 2594 exponere
1581 2546 1713 2593 longum
1751 2552 1817 2583 est:
1858 2547 2001 2593 singulas
2037 2547 2168 2594 species
2196 2546 2253 2581 cle-

659 2606 819 2652 scripturi,
847 2618 931 2652 quae
957 2619 1138 2654 synonyma
1165 2604 1204 2639 ad
1236 2605 1318 2640 hanc
1342 2606 1393 2641 vel
1418 2606 1502 2640 illam
1528 2606 1720 2652 pertineant,
1745 2618 1881 2652 operam
1909 2605 2059 2640 dabimus
2086 2606 2254 2640 extricare.
