2435 3188
1623 279 1706 319 325

316 391 442 427 Interea
471 404 585 425 onmes
613 390 744 436 species
770 388 810 422 ad
838 401 931 422 unam
960 393 1051 422 erant
1078 388 1230 423 redactae
1248 386 1367 434 diuque
1391 392 1586 420 manserunt.
1639 385 1760 425 Prima,

166 465 251 500 quae
280 453 393 486 iterum
422 450 569 489 emersit,
598 454 666 482 erat
693 448 824 495 species
853 460 868 481 a
901 447 1019 481 ceteris
1052 446 1163 482 habitu
1195 447 1332 480 maxime
1361 445 1505 484 diversa,
1531 444 1582 478 Sc.
1613 458 1757 483 nanum,

166 513 216 545 cui
245 509 433 544 LEERSIUS
459 509 488 541 in
514 507 564 541 Fl.
592 506 696 541 Herb.
727 504 1105 551 (MDCCLXXXIX)
1137 506 1291 553 imposuit
1327 517 1444 538 nomen
1478 502 1636 537 Lis-heun-
1671 508 1759 549 qnis-

165 569 320 616 quiliaris
359 580 423 602 non
459 573 563 600 tamen
605 566 664 600 soli
706 565 765 600 sed
793 579 866 600 cum
898 563 1063 599 Clmlonia
1104 578 1280 611 squamosa
1308 572 1332 608 ρ’.
1372 563 1516 596 nlelicam
1551 563 1757 596 commixtae.

166 627 320 662 Proxima
345 627 492 674 species,
519 638 603 672 quae
632 626 776 659 restituta
803 630 868 665 est,
899 629 967 658 erat
994 623 1071 657 illud
1100 624 1143 657 ol)
1175 624 1281 657 locum
1311 622 1449 656 natalem
1477 626 1526 655 sat
1551 621 1677 667 insigne
1706 620 1758 655 St.

170 691 396 724 vesuvimmm,
425 683 515 732 quod
542 682 789 718 PERSOONIUS
826 681 1205 717 MDCCLXXXXIV
1235 681 1425 728 descripsit,
1464 679 1523 714 sed
1552 680 1603 714 cui
1642 679 1760 713 ultimis

167 744 264 780 modo
292 745 382 778 annis
410 743 533 790 speciei
565 742 714 790 dignitas,
752 755 860 789 neque
897 747 1001 782 certa,
1036 754 1196 776 concessa
1231 747 1289 776 est.
1348 738 1492 774 Detecta
1525 751 1659 786 quoque
1688 743 1761 771 sunt

166 804 279 839 iisdem
303 802 369 837 fere
392 802 596 849 temporibus
622 801 675 836 St.
701 802 939 835 condensatum
964 801 1005 835 ab
1032 798 1281 836 HOFFMANNO
1311 805 1343 834 et
1371 798 1421 834 St.
1449 798 1666 837 ramulosmn‚
1694 798 1761 844 pri-

165 875 215 896 ma
238 862 368 909 species
397 859 694 907 extra-Europaea,
722 873 739 893 a
767 858 998 894 SWARTZIO.

314 932 614 979 Chronologicum,
643 945 740 980 quem
768 931 893 973 dicunt,
921 933 947 966 si
980 931 1099 966 deinde
1127 933 1294 979 sequimur
1321 930 1486 970 ordinem,
1515 928 1555 963 ad
1582 933 1759 962 nostratem

165 990 425 1039 Lichenologum
446 992 693 1026 illustrissimum
716 991 931 1026 ACHARIUM
958 992 1020 1037 jam
1046 992 1263 1038 pervenimus.
1318 989 1353 1024 In
1382 988 1502 1024 Prodr.
1529 987 1623 1022 Lich.
1644 984 1761 1026 Suec.,

163 1063 246 1085 anno
275 1049 656 1085 MDCCXXXXVIII
685 1050 790 1092 edito,
825 1056 857 1085 ut
882 1050 1033 1084 omnibus
1061 1050 1226 1097 cognitum
1256 1055 1320 1090 est,
1359 1047 1526 1083 Lichenes
1553 1060 1669 1081 omnes
1699 1045 1760 1079 sub

165 1109 322 1144 Lichems
361 1111 492 1144 nomine
531 1110 687 1157 generice
716 1110 930 1157 amplectitur,
961 1109 1020 1144 sed
1057 1109 1087 1142 in
1119 1115 1185 1143 tres
1214 1108 1347 1143 familias
1381 1107 1540 1155 dispertit.
1592 1104 1622 1139 E
1651 1105 1761 1143 tertia,

165 1168 349 1204 Lichemlm
374 1169 641 1209 caulescentium,
670 1175 720 1203 est
745 1182 878 1217 quoque
903 1169 1005 1202 tribus
1033 1167 1281 1209 Stereocaulmz,
1309 1181 1373 1202 non
1403 1172 1509 1201 tamen
1534 1166 1626 1212 justis
1645 1164 1761 1198 finibus

166 1228 426 1275 circumscripta,
455 1229 538 1262 inter
563 1241 675 1275 specc.
705 1229 789 1263 enim
818 1227 991 1264 Suecanas
1018 1226 1111 1261 adest
1135 1239 1268 1274 quoque
1296 1226 1443 1260 Licleimz
1468 1225 1628 1272 confinis,
1657 1229 1689 1257 et
1712 1223 1760 1256 in-

166 1293 214 1322 ter
240 1285 520 1322 extra-Sueeanas
546 1287 641 1322 [Δί-[ι.
671 1285 845 1322 obtusatus
874 1292 906 1321 et
933 1285 1131 1321 Sertularz‘a
1157 1285 1227 1328 (cfr.
1257 1284 1360 1332 Spee.
1385 1298 1459 1332 gen.
1479 1283 1631 1329 exclud.).
1659 1281 1759 1316 Cete-

167 1359 230 1386 rae,
261 1359 341 1394 quas
365 1352 532 1380 enumerat
549 1347 689 1393 species,
714 1351 787 1380 sunt
814 1345 1058 1393 Lpasclealis,
1087 1345 1307 1378 condensatus
1335 1344 1379 1388 (ei
1402 1344 1612 1390 incognitus),
1643 1354 1760 1375 ramu-

166 1405 253 1440 losus
270 1411 301 1440 et
323 1405 553 1452 quisquiliaris
577 1408 689 1452 (quem
706 1418 742 1439 se
759 1418 824 1439 non
844 1404 965 1438 vidisse
993 1403 1109 1449 affert).
1161 1402 1338 1437 Praeterea
1369 1402 1421 1437 Sl.
1438 1415 1565 1435 nanum
1587 1400 1760 1436 Cladomis

167 1470 199 1498 et
226 1463 278 1499 St.
312 1463 466 1499 Cereolus
494 1464 608 1498 [sidiis
633 1463 831 1499 adnumerat.
859 1485 902 1490 -—
927 1463 963 1498 In
992 1475 1112 1510 opere,
1140 1461 1231 1510 quod
1258 1461 1377 1496 deinde
1415 1461 1531 1502 edidit,
1562 1459 1759 1495 flletlmdum

170 1522 364 1564 Lichemcm,
393 1523 630 1558 Stereocaulon
661 1529 694 1557 ut
722 1536 828 1571 genus
855 1524 1024 1570 proprium
1051 1522 1208 1569 proponit
1234 1527 1266 1555 et
1291 1522 1350 1555 rite
1378 1520 1588 1560 determinat3
1629 1519 1761 1567 species

168 1587 272 1617 tamen
297 1582 466 1617 nonnullas
495 1582 558 1617 huc
593 1582 708 1623 refert,
736 1595 820 1630 quae
857 1581 952 1628 hujus
978 1594 1042 1615 non
1069 1586 1142 1615 sunt
1168 1580 1231 1614 loci
1258 1579 1322 1629 (S.
1356 1578 1525 1620 tabzdare,
1554 1577 1762 1617 obimatum,

168 1642 295 1688 confine
319 1647 351 1676 et
375 1640 608 1691 Ser-eulasia),
641 1641 700 1676 sed
728 1641 779 1676 vel
808 1641 929 1675 fructus
959 1653 1023 1674 non
1051 1639 1130 1674 vidit
1158 1639 1208 1674 vel
1234 1645 1268 1673 ut
1293 1639 1409 1674 dubias
1436 1639 1564 1687 plantas
1594 1637 1759 1686 proponit.

169 1700 222 1736 St.
251 1714 376 1735 nanum
401 1706 432 1735 et
461 1699 615 1736 Cereolus
641 1701 670 1734 in
698 1699 762 1735 hoc
790 1700 872 1735 libro
901 1700 966 1734 suis
994 1712 1128 1747 quoque
1157 1698 1238 1733 locis
1273 1699 1431 1739 collocat·⁷
1465 1704 1595 1733 ceterae
1630 1696 1761 1744 species

170 1759 305 1794 eaedem
332 1766 404 1794 sunt
430 1773 467 1794 ac
492 1760 522 1794 in
549 1758 754 1799 prodromo,
790 1759 899 1793 addito
936 1758 1035 1792 modo
1076 1757 1129 1793 St.
1160 1758 1385 1805 cowdyloldeo,
1425 1757 1515 1806 quod
1540 1758 1569 1791 in
1601 1754 1761 1790 addendis

171 1818 334 1853 describit.
386 1818 421 1853 In
450 1817 785 1866 Lichenogmpllimn
813 1817 962 1864 ejusdem
991 1818 1133 1851 auctoris
1158 1817 1379 1851 universalem
1411 1830 1495 1865 quae
1526 1816 1566 1850 de
1593 1813 1760 1849 Methodo

171 1876 308 1912 diximus
335 1878 507 1912 transferre
526 1891 718 1925 possumus·v
746 1877 916 1911 character
941 1877 1025 1910 enim
1051 1878 1224 1923 genericus
1253 1882 1303 1911 est
1328 1890 1435 1916 verus,
1462 1875 1522 1910 sed
1550 1877 1632 1909 inter
1667 1885 1761 1920 ›vspe-

171 1937 238 1971 cies
264 1935 396 1970 dubias«
428 1937 600 1971 nonnullae
627 1937 821 1984 peregrinae
847 1935 927 1985 (St.
956 1934 1111 1970 tabulam
1139 1942 1170 1970 et
1187 1935 1436 1985 pulvinarium)
1463 1934 1555 1969 simul
1576 1938 1760 1968 occurrunt.

172 1993 219 2029 Ut
244 2008 362 2030 novum
397 1995 460 2029 hoc
487 1995 561 2030 loco
594 1995 751 2030 describit
785 1995 836 2030 St.
865 1993 1057 2042 botryosum
1095 1996 1160 2039 (eui
1190 1994 1341 2029 dubitans
1370 2001 1402 2029 ut
1434 2006 1641 2043 synonymon
1682 1991 1762 2024 salso

171 2053 326 2088 adscribit
361 2054 412 2089 St.
447 2055 683 2090 condensatum
720 2053 877 2099 Hoffm.),
909 2054 1078 2102 pileatum
1111 2060 1144 2089 et
1176 2055 1259 2088 inter
1289 2068 1338 2101 sp.
1365 2054 1481 2087 dubias
1526 2053 1578 2088 Sl.
1610 2051 1762 2088 vulcani,

172 2126 267 2160 quam
296 2113 436 2160 plantam
465 2126 522 2147 una
549 2127 621 2148 cum
651 2113 703 2148 Sc.
732 2114 880 2148 salazino
916 2115 945 2148 in
985 2114 1086 2148 insula
1127 2112 1271 2147 Mauritii
1303 2126 1408 2160 nuper
1443 2112 1611 2147 detexerat
1647 2110 1762 2145 BQRY

174 2185 336 2219 quamque
362 2172 582 2219 descripserat
608 2174 638 2207 in
664 2173 747 2207 libro
777 2173 841 2213 illo,
869 2173 923 2221 qui
951 2172 992 2207 de
1024 2178 1133 2206 natura
1162 2178 1260 2219 atque
1287 2172 1396 2206 indole
1428 2171 1603 2205 insularum
1626 2176 1766 2217 quatuor

176 2231 398 2277 principalium
424 2230 557 2266 Africae
574 2231 728 2266 ediderat.
759 2254 801 2259 —-
830 2232 864 2266 In
894 2232 1044 2280 Synopsi
1071 2230 1265 2265 Methodica
1291 2231 1476 2265 Lichenum
1507 2230 1598 2264 affert
1623 2230 1764 2276 denique

178 2287 338 2323 Acharius
366 2289 497 2324 easdem
526 2292 656 2338 species
684 2297 815 2338 praeter
842 2290 894 2325 St.
931 2291 1073 2325 Vulcani
1100 2294 1188 2334 (cum
1220 2289 1271 2324 Sl.
1290 2291 1447 2324 cereollno
1477 2291 1561 2325 enim
1591 2289 1655 2323 hoc
1684 2288 1764 2322 falso

178 2348 372 2394 conjungit)·,
402 2348 452 2383 St.
482 2355 695 2384 resurianmn
729 2363 863 2398 quoque
894 2356 926 2384 ut
950 2363 1015 2384 var.
1043 2349 1096 2384 St.
1120 2347 1268 2395 botryosi
1301 2350 1459 2396 proponit
1487 2356 1584 2397 atque
1609 2349 1639 2382 in
1666 2361 1766 2396 syno-

177 2406 283 2452 nymia
309 2408 392 2440 varia
417 2414 524 2442 mutat.

322 2474 394 2510 Jam
418 2478 457 2512 ad
483 2479 515 2513 id
542 2486 670 2527 tempus
696 2482 867 2527 progressi
894 2494 1020 2521 summ,
1048 2494 1114 2528 quo
1137 2480 1267 2527 species
1288 2477 1503 2526 Europaeae,
1533 2479 1584 2514 Sl.
1605 2478 1768 2526 paschali

181 2531 291 2566 aflines
314 2535 484 2571 extricatae
510 2544 592 2571 sunt.
643 2537 731 2572 Nam
759 2540 784 2573 si
809 2545 960 2574 auctores
992 2546 1248 2586 praetereamus,
1275 2540 1330 2586 qui
1359 2538 1434 2572 nihil
1461 2539 1536 2572 novi
1564 2538 1614 2572 vel
1641 2539 1765 2585 oprprii

181 2590 361 2632 attulerunt,
386 2593 446 2638 jam
465 2594 503 2628 ad
519 2594 743 2631 FLbRKEUM
759 2598 977 2644 pervenimus,
996 2599 1049 2645 qui
1070 2599 1206 2633 eximius
1232 2596 1482 2644 Lichenologus
1497 2595 1769 2631 MDCCCXIX

184 2654 231 2682 tre
256 2649 473 2698 seasdemque
504 2654 635 2688 eximias
653 2667 756 2689 novas
780 2657 911 2703 species
937 2659 1120 2704 proposuit.
1177 2656 1272 2695 Quae
1298 2657 1426 2692 fuerunt
1457 2656 1510 2691 Sl.
1536 2655 1770 2703 dactyloplzyl-
