2435 3188
728 250 783 291 56

670 355 731 392 illo
759 353 986 402 el-Medjnun
1013 353 1184 403 (furente)
1212 359 1341 392 vocato
1357 355 1669 398 confundendum,
1694 355 1989 393 Abu—l-Mehasin
2007 362 2274 400 commemorat,

672 414 733 464 qui
756 417 839 463 post
864 426 1027 449 eversam
1053 412 1159 461 hujus
1182 415 1298 464 gentis
1326 414 1608 451 dominationem
1633 427 1727 452 anno
1757 416 1830 451 359
1858 421 2022 452 mortuus
2046 421 2108 453 est.

822 519 894 555 Die
918 519 1060 555 Saturni
1087 519 1143 555 7:a
1166 520 1300 556 mensis
1326 520 1625 565 Dhu-l-Qaadae‚
1654 533 1748 557 anno
1776 523 1848 558 349
1865 523 1929 571 (29
1947 522 2162 559 Decembris
2180 523 2277 570 960),

671 577 842 626 Anudjur
867 582 949 627 post
971 578 1244 626 quatuordecim
1270 592 1385 615 annos
1411 583 1447 615 et
1473 579 1602 615 decem
1630 579 1708 615 dies
1733 580 1874 629 imperii
1899 581 1927 617 F
1930 583 2033 618 ostati
2062 581 2158 617 obiit.
2200 582 2276 617 Ka-

671 637 752 674 furo
794 637 888 673 adeo
931 635 1115 672 obnoxius
1143 636 1296 679 vixerat,
1327 642 1363 674 ut
1390 650 1439 674 ex
1474 638 1571 673 omni
1600 638 1702 688 regni
1728 639 1842 675 reditu
1885 640 2144 689 quadringenta
2169 639 2276 676 millia

671 708 865 732 aureorum
900 694 1012 731 modo
1042 694 1236 743 reciperet,
1280 696 1365 732 dum
1401 701 1497 732 tutor
1537 696 1726 733 thesauros
1756 697 1953 734 immensos
1981 699 2017 734 in
2040 712 2144 735 suum
2173 711 2276 735 usum

670 754 915 791 accumulavit.
968 753 1124 802 Imperio
1153 755 1320 804 mancipii
1356 755 1459 791 nimis
1484 755 1637 791 molesto
1661 755 1829 804 princeps
1848 757 1993 805 quidem
2008 771 2048 793 se
2064 757 2275 794 subtrahere

671 818 821 850 conatus
862 816 933 855 est;
972 817 1006 848 at
1044 812 1127 849 nihil
1155 813 1271 856 valuit,
1324 815 1364 850 In
1391 815 1555 863 pejorem
1587 818 1716 850 statum
1744 814 1861 863 potius
1889 828 1954 864 per
1979 815 2050 851 hoc
2077 816 2275 865 periculum

670 872 836 921 delapsus
865 884 945 908 esse
975 871 1132 914 videtur,
1161 878 1197 908 et
1223 872 1351 908 Kafuri
1378 872 1535 921 potentia
1562 873 1597 908 in
1627 872 1704 909 dies
1731 873 1895 910 accrevit.
1948 874 2093 910 Deliciis
2119 880 2153 911 et
2175 875 2276 911 luxui

669 931 811 967 deditus
840 929 1012 979 Anudjur
1037 932 1146 980 genio
1184 931 1351 968 libentius
1388 931 1546 974 indulsit,
1576 945 1683 981 quarn
1714 937 1750 968 ut
1776 933 1950 982 regnandi
1979 933 2145 982 cupidine
2176 939 2274 970 actus

669 1002 803 1026 nomen
830 989 961 1026 avitum
988 989 1103 1039 gloria
1127 993 1344 1027 cumulatum
1373 990 1571 1027 memoriae
1593 991 1760 1027 traderet.

817 1096 924 1132 Numi
953 1098 1033 1144 ejus
1061 1098 1166 1133 etiam
1190 1099 1260 1134 rari
1282 1102 1378 1140 sunt,
1407 1102 1442 1134 et
1462 1102 1534 1134 tres
1561 1097 1674 1133 modo
1704 1097 1789 1134 mihi
1817 1098 1907 1141 noti,
1937 1098 2010 1135 duo
2038 1099 2221 1142 Damasci,
2240 1104 2275 1136 et

670 1167 761 1191 unus
785 1156 975 1198 Emessae,
1005 1155 1051 1192 de
1079 1169 1151 1205 quo
1179 1156 1281 1205 plura
1307 1170 1396 1193 mox
1423 1170 1502 1193 sum
1537 1156 1709 1193 dicturus.

816 1254 855 1289 In
884 1254 1000 1291 fratris
1027 1255 1185 1292 defuncti
1211 1257 1348 1293 titulum
1372 1259 1447 1304 jam
1475 1256 1648 1293 successit
1681 1255 1996 1292 Abu-l-Hasan
2037 1256 2140 1298 ΑἸτῖ,
2178 1268 2272 1292 anno

668 1312 741 1347 306
766 1312 938 1349 Damasci
963 1319 1082 1356 natus,
1112 1315 1172 1364 qui
1199 1315 1394 1364 stipendio,
1420 1316 1519 1365 quod
1545 1314 1716 1362 Anudjur
1742 1328 1761 1351 a
1789 1313 1928 1350 Kafuro
1957 1319 2160 1363 acceperat,
2185 1327 2271 1351 con—

666 1374 799 1414 tentus,
827 1372 944 1408 minus
974 1373 1094 1415 etiam,
1123 1374 1153 1410 si
1179 1375 1257 1410 fieri
1282 1379 1416 1423 potest,
1445 1387 1550 1424 qnam
1577 1375 1702 1416 frater,
1729 1373 1851 1409 habuit
1876 1373 2102 1410 auctoritatis.
2157 1373 2272 1410 Kafiir

667 1429 763 1465 enim
802 1435 982 1480 tamquam
1020 1445 1128 1468 verus
1158 1446 1226 1469 rex
1254 1438 1289 1469 et
1320 1434 1487 1469 dominus
1515 1433 1635 1469 omnia
1674 1432 1719 1468 ad
1757 1437 1881 1468 nutum
1912 1445 2015 1467 suum
2043 1432 2160 1481 gessit.
2214 1433 2270 1468 Eo

666 1489 867 1525 mediatore
892 1490 1022 1526 khalisa
1049 1504 1193 1533 omnes,
1222 1505 1310 1541 quas
1335 1498 1436 1541 pater
1463 1492 1642 1541 fraterque
1670 1491 1873 1540 possiderat
1898 1497 2026 1533 terras,
2043 1491 2125 1527 Alio
2142 1503 2271 1540 regen-

667 1547 732 1584 das
756 1548 908 1585 tradidit.
964 1549 1088 1598 Itaque
1114 1550 1150 1586 in
1178 1551 1299 1599 Syria,
1326 1552 1517 1601 Aegypto,
1540 1551 1720 1599 Hmljaza,
1739 1553 1965 1586 Graecorum
1985 1550 2149 1586 confiniis
2164 1550 2271 1597 (sicut

664 1607 816 1649 Tarsus,
845 1607 1067 1656 Mopsuestia
1094 1621 1176 1644 cum
1204 1609 1350 1646 finitima
1376 1611 1528 1660 regione
1554 1609 1837 1658 appellabantur)
1867 1621 1995 1658 preces
2022 1608 2187 1657 publicae
2218 1608 2270 1644 di-

664 1665 755 1702 ebus
782 1666 938 1703 Veneris
962 1680 1029 1716 pro
1057 1680 1102 1703 eo
1126 1668 1241 1704 dictae
1269 1675 1359 1705 sunt.
1413 1670 1461 1705 At
1488 1670 1589 1719 signa
1617 1668 1768 1705 labentis
1791 1668 1930 1717 imperii
1941 1670 2016 1715 jam
2035 1668 2143 1703 multa
2163 1680 2270 1716 appa-

663 1728 820 1760 ruerunt.
875 1726 964 1762 Inde
1004 1726 1049 1762 ab
1078 1739 1173 1762 anno
1199 1729 1267 1763 351
1299 1727 1420 1763 omnia
1447 1728 1670 1764 miseriarum
1695 1740 1831 1777 genera
1858 1732 1989 1763 terram
2021 1727 2269 1776 aegyptiacam

662 1783 844 1820 vexabant
870 1785 1048 1821 continua.
1077 1786 1197 1822 Famis
1225 1793 1260 1822 et
1287 1787 1396 1835 pestis
1429 1786 1476 1822 ob
1503 1787 1684 1823 defectum
1714 1786 1782 1822 Nili
1810 1786 2005 1822 crescentis
2024 1786 2268 1822 calamitosum

663 1847 789 1878 enatae
828 1842 993 1879 homines
1034 1844 1093 1880 diu
1131 1845 1341 1895 gravissime
1376 1846 1595 1895 premebant.
1650 1845 1888 1882 Extrinsecus
1914 1845 2074 1894 pericula
2103 1844 2268 1895 graviora

663 1901 767 1937 etiam
807 1902 966 1952 undique
1005 1903 1266 1940 minitabantur.
1319 1904 1379 1940 Ab
1409 1905 1597 1941 occidente
1627 1906 1878 1941 Carmatenses
1904 1917 1998 1940 anno
2027 1905 2098 1939 352
2125 1904 2267 1953 Syriam

661 1960 878 2003 invaserant,
906 1961 1035 2011 quibus
1064 1962 1314 1999 Ikhschididae
1341 1977 1446 2012 pares
1470 1976 1542 1999 non
1571 1968 1679 1999 erant.
1709 1963 1848 2000 Nubiae
1875 1976 2021 2012 quoque
2048 1975 2113 1999 rex
2132 1964 2178 1999 ad
2197 1966 2267 1999 As-

660 2032 749 2055 suan
778 2020 973 2068 (Syenem)
1000 2021 1074 2056 imo
1103 2034 1218 2070 usque
1246 2022 1478 2058 Aklnnimum
1504 2022 1624 2057 omnia
1647 2022 1730 2072 igne
1758 2035 1800 2058 ac
1818 2022 1931 2059 caede
1954 2022 2168 2058 devastabat.
2196 2021 2267 2058 Ne-

663 2091 733 2127 que
769 2078 803 2114 in
831 2079 908 2127 ipsa
933 2080 1157 2129 regnantium
1183 2080 1314 2117 familia
1339 2081 1485 2117 dissidia
1513 2081 1704 2117 defuerunt
1731 2081 1898 2117 exitialia.
1953 2081 2057 2116 Certe
2079 2081 2170 2116 inter
2191 2081 2266 2117 Ka-

660 2137 778 2174 furum
807 2142 842 2175 et
864 2138 996 2174 A'lium
1021 2139 1154 2175 invidia
1180 2140 1356 2188 apparuit,
1384 2153 1493 2190 quae,
1522 2153 1569 2176 ex
1599 2139 1857 2189 omnipotentia
1882 2140 2007 2176 tutoris
2035 2144 2126 2181 orta,
2151 2140 2265 2176 domi-

660 2209 745 2232 num
773 2196 818 2232 ad
845 2203 1058 2245 potestatem
1088 2199 1255 2247 mancipii
1282 2199 1513 2235 minuendam
1541 2199 1718 2235 incitabat.
1772 2199 1896 2234 Fratre
1924 2211 1995 2234 non
2027 2198 2165 2234 felicior
2191 2198 2264 2240 fuit,

660 2260 695 2290 et
732 2256 1022 2304 experimentum
1061 2258 1094 2293 ei
1121 2270 1253 2307 magno
1281 2259 1383 2294 stetit.
1438 2258 1498 2294 Ab
1526 2257 1596 2294 hoc
1622 2258 1707 2294 inde
1735 2262 1898 2306 tempore
1925 2257 2041 2293 Kafur
2067 2257 2264 2306 principem

661 2314 837 2362 captivum
863 2315 989 2357 tenuit,
1018 2329 1138 2365 neque
1164 2317 1223 2352 ulli
1251 2317 1409 2366 permisit
1438 2330 1521 2353 eum
1548 2317 1713 2353 invisere.
1766 2316 1835 2352 A'li
1861 2315 2003 2351 tandem
2032 2316 2180 2358 eodem,
2204 2316 2264 2365 qui

659 2372 803 2409 fratrem
832 2372 1072 2416 absumserat‚
1102 2375 1232 2412 morbo
1262 2377 1426 2419 affectus,
1455 2376 1513 2411 die
1539 2377 1603 2411 II:a
1629 2375 1849 2411 Muharremi
1876 2374 1958 2410 anni
1989 2375 2061 2410 355
2087 2375 2125 2421 <8
2153 2375 2263 2410 Janu-

659 2431 722 2467 arii
750 2432 838 2477 966)
866 2437 1045 2476 mortuus,
1073 2434 1343 2483 Hierosolymis
1370 2434 1531 2483 sepultus
1559 2439 1621 2470 est.
1675 2434 1817 2470 Nomen
1845 2433 1940 2480 regis
1966 2433 2123 2483 quinque
2138 2445 2260 2474 annos,

659 2490 750 2526 duos
776 2503 921 2527 menses
948 2496 983 2527 et
1008 2492 1156 2528 totidem
1196 2494 1273 2529 dies
1310 2498 1480 2542 gesserat.
1533 2494 1589 2529 Eo
1616 2497 1789 2542 regnante
1818 2492 1936 2534 Fatik,
1966 2491 2197 2529 el-Ikhschidi
2221 2491 2262 2527 li-

661 2547 782 2584 bertus
812 2555 847 2584 et
873 2549 1002 2585 Kaffiri
1027 2551 1207 2593 aemulus,
1236 2551 1382 2590 nomine
1409 2551 1633 2598 el-Medjnfin
1662 2556 1783 2592 notus,
1810 2563 1905 2587 anno
1933 2552 2005 2588 350
2032 2551 2133 2593 obiit,
2154 2563 2260 2600 quem

659 2606 878 2646 Mutenebbi
901 2612 1009 2657 poe'ta
1035 2622 1152 2658 aeque
1178 2622 1221 2646 ac
1250 2609 1427 2648 Kafurum
1458 2610 1591 2652 eximie
1619 2610 1782 2647 laudavit.
