2435 3188
703 284 788 324 314

651 398 871 427 evanescente
896 398 927 427 et
955 407 972 427 a
1006 392 1200 440 Piloplzoris
1227 391 1457 440 phyllocladiis
1486 393 1570 436 (fere
1598 397 1746 440 semper)
1778 393 1893 428 melius
1927 393 2067 428 evolutis
2094 405 2254 427 crescen-

652 451 751 498 dique
779 451 879 485 modo
911 454 1014 499 magis
1044 451 1397 487 ramoso—fruticuloso.

803 536 959 585 Singulas
986 540 1047 584 jam
1077 544 1204 585 partes,
1230 550 1311 584 quas
1339 537 1368 570 in
1399 536 1625 570 Stereocaulis
1653 536 1728 570 licet
1757 536 2032 577 animadvertere,
2071 538 2255 572 accuratius

653 597 878 644 inspiciamus:

803 669 1088 704 HYPOTHALLUS
1115 669 1158 713 (s.
1187 665 1437 714 protothallus)
1475 678 1495 700 e
1534 664 1670 700 fibrillis
1697 666 1911 702 tenuissimis
1934 666 2060 702 albidis
2084 666 2103 702 l.
2130 665 2257 715 griseis

653 728 720 764 sibi
737 727 889 763 invicem
905 726 1070 775 implexis
1086 729 1276 760 contextus
1305 729 1372 766 est,
1402 723 1533 773 quibus
1560 723 1722 759 immixta
1745 730 1825 760 sunt
1840 725 1986 775 granula
2001 726 2148 767 minuta,
2174 724 2256 760 dein

651 787 687 823 in
714 786 954 835 phylloclatlia
980 785 999 820 l.
1029 784 1173 832 podetia
1202 783 1466 823 excresce11tia3
1496 783 1530 818 in
1555 782 1746 830 speciebus
1772 796 1870 820 mere
1899 784 2126 820 terrestribus
2152 786 2200 832 (V.
2225 796 2254 819 e.

653 847 704 882 St.
734 855 927 886 tomentoso,
952 844 1111 893 paschali
1139 847 1220 891 etc.)
1251 842 1358 891 vulgo
1386 854 1474 877 mox
1503 841 1733 882 oblitteratur,
1770 842 1805 878 in
1839 843 2026 889 saxifragis
2059 848 2177 879 autem
2204 845 2258 890 (ut

654 907 704 941 St.
733 906 915 944 ramulosa,
944 904 1123 938 coralloicle
1147 901 1312 950 aliisque)
1342 901 1377 936 in
1404 902 1561 949 rupium,
1601 900 1731 949 quibus
1759 901 1927 944 insident,
1956 892 2099 938 rimulas
2126 901 2257 947 (oculis

652 964 713 1000 vix
741 963 970 1011 conspicuas)
998 967 1160 1010 penetrat
1187 966 1222 996 et
1248 960 1433 996 fruticulos
1458 959 1552 995 adeo
1577 965 1673 995 arcte
1698 961 1823 1009 affigit,
1854 966 1890 996 ut
1919 961 2042 997 avulso
2059 960 2257 1009 specimine

652 1023 730 1059 saxi
753 1021 899 1058 frustula
923 1020 1027 1057 simul
1053 1020 1272 1056 divellantur.

802 1108 897 1143 Hanc
926 1108 1040 1142 horum
1071 1107 1233 1142 lichenum
1262 1114 1388 1154 partem
1424 1108 1551 1154 plurimi
1581 1107 1868 1155 praetervidernnt
1900 1104 2120 1153 Lichenologi
2150 1112 2183 1140 et
2205 1107 2258 1140 vix

652 1169 734 1203 ullus
751 1174 882 1216 praeter
906 1166 983 1201 Div.
1000 1166 1256 1202 SCHAERERUM
1285 1172 1437 1200 accurate
1455 1168 1646 1201 observavit
1672 1166 1915 1214 descripsitque
1933 1165 1970 1210 ⁸³).
2012 1164 2050 1199 Si
2075 1172 2182 1199 autem
2200 1164 2258 1199 has

652 1229 784 1263 fibrillas
813 1241 873 1275 pro
892 1226 1084 1276 hypothssllo
1113 1226 1265 1260 uolumus
1292 1225 1435 1267 habere,
1465 1226 1549 1260 haud
1579 1226 1679 1261 dubie
1706 1238 1846 1260 necesse
1875 1230 1925 1259 est
1952 1223 2001 1259 his
2029 1224 2146 1271 plantis
2172 1224 2258 1259 radi-

652 1288 742 1323 culas
756 1287 803 1333 *ἢ
834 1287 977 1321 tribuere
994 1292 1026 1320 et
1041 1299 1096 1320 eas
1123 1285 1316 1334 liypothallo
1335 1286 1468 1319 omnino
1486 1299 1598 1320 carere
1627 1285 1804 1320 declarare.
1859 1282 2124 1318 Observationes
2150 1290 2255 1318 tamen

650 1350 681 1382 in
708 1349 780 1395 ipsa
806 1352 916 1381 natura
945 1346 1126 1384 institutae,
1155 1351 1188 1379 nt
1217 1346 1313 1379 etiam
1342 1346 1448 1379 omnis
1479 1358 1552 1378 cnm
1583 1345 1702 1379 ceteris
1726 1343 1909 1378 liclienibus
1934 1343 2100 1390 analogia,
2127 1344 2257 1391 opinio-

649 1420 724 1441 nem
749 1412 893 1440 nostram
921 1404 1122 1439 confirmant.
1148 1424 1193 1429 —
1223 1402 1294 1438 Cel.
1326 1403 1518 1438 KOERBER
1548 1403 1775 1452 liypothallum
1803 1401 1955 1437 foliosum
1984 1402 2033 1437 his
2062 1403 2180 1449 plantis
2203 1403 2257 1436 tri-

651 1467 736 1506 buit,
780 1478 879 1512 qnum
925 1462 1152 1511 pbyllocladiis
1191 1462 1231 1496 ad
1268 1464 1360 1497 basin
1389 1463 1600 1510 podetiorum
1628 1462 1716 1510 apud
1746 1462 1896 1497 nonnulla
1926 1460 2059 1509 species
2089 1461 2259 1495 collocatis

649 1525 708 1559 has
735 1526 826 1559 vices
856 1523 1025 1570 imposuit,
1053 1522 1113 1556 sed
1141 1535 1201 1569 pro
1227 1529 1317 1557 certo
1346 1522 1505 1557 allirmare
1528 1521 1706 1561 audemus,
1735 1521 1793 1555 lias
1820 1535 1836 1555 a
1864 1520 2095 1569 pliyllocladiis
2122 1522 2152 1554 in
2177 1521 2257 1568 ipsis

650 1583 794 1632 podetiis
824 1584 893 1617 sitis
920 1582 1048 1616 minime
1077 1581 1216 1615 differre.

649 1685 826 1720 THALLUS
854 1681 1031 1730 duplicem
1060 1681 1207 1729 praebet
1234 1681 1399 1717 formam:

800 1768 830 1791 a.
884 1756 1056 1791 ΡΟΒΕΤΙΑ
1074 1754 1278 1804 (blastemm
1302 1755 1478 1795 WALLR.;
1509 1757 1636 1791 caulis.-
1660 1755 1782 1796 Lm„
1802 1752 2255 1793 Acu.Prodr.,Wr1LNBG.

699 1815 890 1863 Fl.Lapp.:
908 1815 1079 1861 frondes:
1106 1814 1277 1855 Hormi„
1306 1814 1442 1851 Limus:
1470 1821 1621 1862 stipiles:
1645 1814 1827 1850 VVHLNBG.
1857 1812 1906 1848 Fl.
1923 1813 2046 1851 Suec„
2076 1811 2255 1852 Senium„

699 1874 878 1915 MASSAL.;
919 1874 1062 1908 thallus.-
1099 1874 1192 1907 Aen.
1227 1871 1333 1908 Meth.
1369 1878 1403 1908 et
1437 1873 1552 1914 Univ.‚
1579 1873 1659 1915 FL,
1701 1873 1846 1913 Home,
1888 1872 2053 1911 1{oassss.;
2093 1880 2255 1906 truncus.-

697 1933 853 1980 HAGEN)
880 1931 1243 1971 fruticuloso-erecta,
1272 1931 1409 1979 lignosa
1433 1932 1451 1966 l.
1479 1932 1721 1981 cartilaginea,
1751 1931 1859 1980 vulgo
1885 1929 2096 1971 subteretia,
2124 1929 2254 1971 solida,

699 1991 811 2041 magis
825 1992 986 2027 minusve
1006 2003 1157 2033 ramosa,
1184 1995 1292 2025 strato
1316 1990 1473 2025 corticali
1489 1995 1524 2026 et
1540 1990 1711 2038 gonidiali
1734 1990 1850 2038 primo
1871 1989 2028 2038 undique
2054 1989 2168 2024 cincta
2180 1978 2254 2037 ***),

699 2063 791 2100 quae
819 2056 938 2086 tamen
965 2054 1071 2085 strata
1098 2048 1193 2097 apud
1221 2048 1410 2097 plerasque
1438 2050 1577 2097 species
1605 2062 1693 2085 mox
1714 2049 1966 2089 dissolvuntur,
1992 2049 2026 2083 in
2046 2047 2121 2083 aliis
2138 2054 2254 2083 autem

699 2110 829 2145 diutius
855 2109 1060 2158 persistunt,
1089 2113 1197 2143 strato
1226 2106 1412 2142 medullari
1442 2121 1460 2142 c
1489 2108 1625 2144 sibrillis
1654 2113 1777 2144 centro
1815 2107 2055 2148 tenuioribus,
2091 2105 2257 2155 periphe-

697 2169 784 2204 riam
800 2182 926 2204 versus
945 2166 1157 2215 majoribus,
1188 2165 1376 2214 parallelis,
1405 2165 1487 2201 laxe
1514 2167 1762 2216 conglutinatis
1788 2172 1977 2207 contexto,
2007 2171 2041 2201 et
2068 2165 2113 2200 ad
2131 2177 2256 2213 super-

698 2228 814 2263 ficiem
843 2227 938 2276 apud
965 2226 1079 2262 varias
1108 2225 1248 2274 species
1276 2225 1311 2260 in
1339 2229 1536 2260 tomentum
1575 2226 1749 2274 griseum,
1791 2226 1869 2274 plus
1897 2226 2059 2261 minusve
2088 2224 2254 2264 densum,

696 2287 890 2335 persistens
917 2286 937 2322 l.
966 2285 1080 2321 statim
1109 2296 1331 2319 evanescens
1357 2283 1485 2319 soluto.

748 2410 768 2440 ')
788 2408 840 2434 Cfr.
859 2409 964 2433 Scusnn.
985 2407 1073 2441 Spicil.
1095 2406 1164 2431 Lich.
1185 2406 1260 2431 Helv.
1280 2415 1304 2440 p.
1325 2405 1381 2429 ⁵276.

747 2461 776 2491 ⁸⁸)
796 2460 876 2485 Solus
897 2460 989 2488 lichen,
1011 2458 1114 2492 Sz'pltula
1141 2458 1264 2486 Ceratz’tes,
1284 2458 1323 2482 cni
1343 2457 1463 2482 tribuitur
1487 2456 1571 2481 ==radix
1592 2455 1798 2485 ramosissiman,
1818 2455 1921 2480 minime.
1940 2454 2042 2479 radices
2068 2454 2134 2478 ullas
2156 2453 2255 2478 emittit.

645 2502 723 2532 Quod
744 2511 791 2536 pro
811 2502 850 2527 his
870 2507 1002 2536 sumptum
1022 2507 1070 2531 est,
1090 2507 1132 2526 est
1151 2501 1231 2526 modo
1252 2509 1313 2534 pars
1342 2500 1428 2525 infima
1456 2500 1526 2525 thalli
1556 2501 1652 2525 muscis
1682 2498 1849 2527 abscondita,
1876 2497 1991 2531 ideoque
2018 2496 2134 2522 nonnihil
2165 2495 2255 2521 habitu

646 2549 752 2571 mutata.

746 2596 785 2627 ’“”)
805 2594 864 2626 Qua
884 2605 910 2621 re
929 2596 1062 2626 videmus,
1081 2605 1145 2626 non,
1166 2596 1214 2620 nisi
1234 2595 1313 2620 invita
1333 2602 1432 2624 natura,
1452 2602 1533 2628 posse
1553 2601 1650 2628 genera
1678 2593 1892 2618 Stereocanlorum
1921 2597 1947 2617 et
1979 2591 2154 2617 Cladonz'armn
2173 2591 2196 2616 in
2217 2589 2256 2615 di-

643 2639 725 2664 versis
746 2638 848 2663 familiis
869 2638 992 2663 collocari
1012 2647 1042 2663 ea
1062 2640 1170 2669 ratione,
1191 2638 1263 2672 quod
1283 2643 1368 2663 struto
1389 2637 1503 2663 cortic-ali
1524 2642 1550 2662 et
1568 2636 1692 2671 gonidiali
1720 2636 1810 2661 barum
1839 2635 1946 2671 podetia
1974 2634 2094 2669 praedita
2114 2634 2178 2663 sint,
2197 2633 2254 2658 illo-

642 2691 698 2708 rum
717 2687 829 2707 careant.
