2435 3188
682 248 762 289 116

628 365 734 402 quam
761 353 796 389 in
823 353 880 394 iis;
919 352 964 388 ab
999 353 1054 389 illa
1080 356 1266 401 praeterea
1294 351 1408 387 forma
1437 352 1623 401 epigynes,
1651 352 1696 389 ab
1723 352 1789 389 hac
1829 356 1946 389 autem
1990 351 2233 395 magnitudine

628 412 779 448 minore.
833 411 895 448 Ad
922 411 1083 448 colorem
1108 423 1189 446 cum
1218 412 1260 447 L.
1285 417 1484 460 nigricipite
1510 411 1623 461 magis
1654 411 1828 462 congruit,
1856 423 1877 446 a
1903 423 1974 459 qua
2000 410 2118 446 differt
2141 410 2234 446 linea

628 471 748 507 media
775 469 1084 520 cephalothoracis
1107 469 1222 505 antice
1251 474 1443 519 angustata,
1469 470 1713 520 magnitudine
1739 469 1858 520 paullo
1883 469 2035 511 minore,
2059 472 2235 504 structura

630 529 817 578 epigynes,
843 534 908 565 cet.
929 552 974 557 —
991 528 1140 564 Habitat
1166 527 1253 563 locis
1279 527 1460 570 herbosis,
1487 528 1652 570 humidis,
1680 529 1715 564 in
1741 527 1938 570 Hallanffia,
1966 526 2236 576 Westrogothia

631 593 666 624 et
691 588 845 625 Bahusia
868 588 1020 624 inventa.
1075 586 1207 623 Adhuc
1235 599 1307 622 non
1335 600 1355 623 a
1381 600 1440 623 me
1465 587 1500 623 in
1527 587 1701 636 Uplandia
1726 587 1800 622 visa
1824 591 1886 622 est.

780 737 931 772 LYCOSA
959 738 1143 785 m‘qriceps.
1175 758 1218 762 —-
1248 737 1362 785 Long.
1395 736 1544 784 5¹s2—7
1572 736 1702 772 millim.
1730 738 1792 785 (ἓ).

782 821 1128 871 Ferrugineo-flava,
1159 821 1460 870 cephalothorace
1488 821 1579 857 vittis
1607 820 1747 857 duabus
1774 820 2096 871 longitudinalibus,
2121 821 2236 857 antice

634 880 900 929 angustioribus
928 885 963 916 et
987 880 1264 916 divaricantibus
1293 880 1526 930 margineque
1552 880 1793 930 nigro—fuscis,
1833 879 1987 929 pedibus
2013 880 2237 925 ferrugineo-

635 940 743 981 flavis,
775 939 1167 975 fusco-sub-maculatis
1192 939 1472 988 -annulatisque;
1509 938 1713 976 abdominis
1738 940 1885 975 dorsum
1911 938 2067 982 fuscum,
2107 939 2238 975 lineola

634 1011 742 1046 parva
772 999 887 1034 antica
913 1011 934 1034 e
962 998 1040 1047 pilis
1066 998 1361 1035 albido-cinereis
1391 997 1551 1034 formata.
1581 1020 1626 1025 —
1655 1007 1674 1039 9
1699 997 1754 1034 ad.

772 1091 894 1128 Descr.
921 1100 941 1134 2
968 1094 1023 1128 ml.
1051 1114 1095 1120 -
1123 1093 1208 1141 Lyc.
1238 1092 1435 1127 monticolae
1461 1092 1503 1127 ad
1529 1092 1666 1127 sormam
1690 1099 1740 1128 sat
1762 1093 1888 1134 similis,
1915 1092 1976 1128 sed
1999 1094 2118 1139 major:
2152 1093 2238 1140 long.

637 1151 922 1199 cephalorathocis
963 1153 1107 1199 3--3ῙἏΔ
1148 1153 1266 1187 millim.
1321 1150 1442 1186 Differt
1468 1151 1841 1199 cephalothoracis
1870 1151 1971 1186 dorso
1999 1153 2103 1199 magis
2131 1157 2242 1192 recto,

629 1219 736 1257 parte
758 1210 931 1259 cephalica
958 1213 1054 1246 etiam
1084 1212 1235 1259 longiore
1264 1224 1361 1259 quam
1392 1212 1422 1246 in
1448 1211 1516 1252 illa,
1544 1211 1700 1247 lateribus
1726 1211 1905 1259 parallelis,
1937 1217 2010 1246 ante
2038 1211 2154 1246 oculos
2180 1223 2241 1258 po-

637 1270 738 1304 sticos
770 1271 824 1305 vix
857 1276 1044 1318 angustata,
1084 1273 1190 1306 antice
1217 1272 1322 1318 magis
1356 1271 1562 1317 rectangula3
1602 1271 1707 1305 oculis
1744 1271 1861 1305 mediis
1901 1271 2098 1316 majoribus,
2137 1270 2242 1317 magis

636 1330 914 1375 prominentibus,
957 1332 1065 1377 spatio
1092 1330 1204 1378 paullo
1241 1331 1366 1364 minore
1394 1329 1598 1364 distantibus.
1651 1328 1790 1365 Pedes
1826 1330 1934 1377 paullo
1966 1329 2151 1377 longiores:
2185 1328 2242 1362 [nti

639 1387 727 1433 paris
766 1388 1046 1435 ceplialothorace
1084 1389 1308 1437 3³³-421110
1337 1389 1507 1436 longiores
1531 1394 1614 1423 sunt.
1667 1389 1831 1436 Epigyne
1855 1394 1985 1424 constat
2010 1402 2051 1423 ex
2079 1401 2153 1423 area
2181 1388 2243 1422 ob-

639 1445 751 1493 longa,
779 1453 828 1481 sat
856 1460 974 1495 parva,
1001 1461 1117 1495 parum
1145 1449 1288 1489 elevata,
1316 1449 1388 1483 visu
1415 1448 1551 1489 difficili,
1589 1448 1659 1482 basi
1687 1448 1817 1489 latiore,
1845 1454 2007 1489 truncata,
2040 1448 2135 1495 apice
2163 1447 2243 1482 sub-

638 1505 829 1547 rotnndata,
862 1507 968 1542 antice
1001 1508 1100 1543 sulcis
1138 1508 1270 1543 duobus
1297 1508 1494 1542 tenuissimis
1527 1512 1559 1541 et
1585 1506 1625 1540 ad
1653 1507 1745 1541 basin
1772 1506 1903 1542 dnobus
1929 1506 2108 1541 tuberculis
2136 1506 2241 1553 longi‘

640 1564 853 1607 tudinalibus,
881 1572 973 1601 costa
1002 1567 1095 1602 brevi
1122 1568 1191 1602 sive
1218 1567 1391 1602 tuberculo
1420 1566 1482 1600 alio
1509 1567 1710 1612 conjunctis,
1734 1572 1853 1600 notata.

775 1657 1125 1707 Cephalothorax
1150 1660 1393 1708 nigro-fuscus,
1422 1660 1497 1694 vitta
1521 1658 1642 1693 dorsali
1667 1659 1796 1706 aliaque
1824 1659 1865 1693 ad
1890 1659 2068 1706 marginem
2093 1660 2244 1706 utrinque

641 1717 955 1764 ferrugineo-ssavis,
990 1719 1077 1760 latis,
1118 1720 1169 1754 vel
1204 1720 1314 1767 potins
1341 1719 1652 1766 ferrugineo-ssavus
1682 1717 1857 1760 dicendus,
1893 1719 1968 1752 vitta
2006 1719 2156 1765 utrinque
2183 1718 2245 1752 lata

641 1782 673 1811 et
699 1777 774 1824 ipso
800 1778 945 1824 margine
972 1777 1088 1819 fuscis,
1115 1778 1250 1813 dorsum
1275 1784 1419 1825 occupat
1444 1779 1543 1826 igitur
1570 1777 1670 1812 fascia
1698 1777 1776 1819 lata,
1805 1777 2111 1824 ferrugineo-flava,
2139 1777 2244 1811 antice

641 1835 770 1877 latiore,
797 1835 994 1884 plerumque
1018 1837 1059 1871 ad
1086 1838 1202 1873 oculos
1227 1839 1377 1885 posticos
1406 1837 1583 1877 desinenti,
1614 1836 1776 1871 interdum
1803 1837 1884 1871 intra
1922 1836 2038 1871 oculos
2065 1835 2244 1883 producta,

643 1895 737 1942 apice
765 1900 872 1929 tamen
900 1908 1034 1943 semper
1071 1902 1234 1939 truncata,
1270 1910 1334 1931 non
1369 1897 1566 1937 acuminata3
1608 1909 1682 1930 area
1713 1895 1884 1930 oculorum
1912 1895 2108 1943 plerumque
2134 1896 2245 1942 nigro-

643 1954 750 1995 fusca,
778 1955 919 2001 spatium
957 1956 1040 1989 inter
1076 1956 1193 1990 oculos
1222 1962 1376 2003 quattuor
1407 1956 1558 2003 posticos
1594 1954 1859 2002 flavo-pilosum,
1892 1954 2054 1989 interdum
2082 1953 2245 2001 quadran-

641 2013 751 2061 gulate
779 2013 1114 2060 ferrugineo-flavum.
1168 2013 1279 2050 Vittae
1310 2013 1604 2062 ferugineo-flavae
1642 2014 1714 2061 pilis
1739 2015 1917 2049 rarioribus
1944 2013 2161 2048 albicantibus
2185 2013 2246 2047 ob-

644 2072 778 2114 ductae,
817 2073 871 2120 qui
897 2078 1004 2107 tamen
1035 2074 1232 2121 plerumque
1272 2074 1380 2109 detriti
1407 2080 1490 2109 sunt.
1545 2071 1745 2108 Sternnm
1772 2073 1916 2114 fuscum,
1947 2073 1978 2106 in
2006 2071 2114 2106 medio
2142 2071 2244 2106 serru-

643 2133 791 2179 gineum,
815 2130 1099 2178 albido-pilosum.
1153 2132 1431 2168 Mandibulae
1459 2138 1491 2168 et
1519 2132 1710 2167 maxillae
1737 2131 2063 2179 ferrugineo-flavam
2094 2130 2244 2165 labium

644 2191 787 2233 fuscum,
814 2192 909 2238 apice
940 2191 1052 2226 colore
1083 2192 1230 2227 clariore.
1284 2191 1406 2240 Palpi
1429 2191 1727 2239 ferrugineo-flavi,
1759 2191 1893 2226 maculis
1921 2189 2245 2235 fusco-ferrugineis,

644 2264 758 2298 parum
798 2250 985 2296 expressis,
1023 2251 1184 2286 interdum
1225 2252 1279 2286 vix
1317 2252 1522 2299 conspicuis:
1564 2250 1692 2285 duabus
1725 2251 1755 2283 in
1786 2257 1896 2297 parte
1918 2247 2106 2295 femorali,
2144 2260 2246 2282 annu-

645 2310 696 2344 los
736 2310 935 2356 interruptos
976 2309 1046 2344 fere
1090 2310 1320 2351 formantibus,
1365 2323 1428 2344 una
1469 2310 1584 2344 subtus
1623 2310 1653 2342 in
1685 2315 1791 2355 parte
1823 2307 2006 2355 patellari:
2042 2320 2133 2354 pars
2168 2305 2245 2342 tibi-

645 2368 711 2402 alis
735 2367 885 2402 annulum
922 2368 1084 2409 basalem‚
1123 2382 1222 2416 supra
1252 2370 1466 2416 interruptum
1499 2374 1532 2402 et
1561 2367 1719 2401 maculam
1753 2367 1868 2401 subtus
1903 2366 1943 2400 ad
1976 2366 2103 2413 apicem
2129 2365 2246 2407 habet3

640 2441 731 2474 pars
758 2425 901 2460 tarsales
927 2426 998 2461 basi
1027 2433 1059 2461 et
1085 2428 1179 2473 apice
1208 2427 1322 2462 leviter
1354 2426 1511 2460 infuscata
1537 2431 1595 2460 est.
1646 2424 1789 2460 Pedes
1816 2425 2111 2472 ferrugineo-ssavi;
2141 2439 2245 2460 coxae

648 2498 747 2533 supra
779 2485 873 2532 apice
914 2483 1025 2519 fuscae
1054 2491 1087 2519 et
1113 2486 1260 2531 femora
1300 2497 1397 2532 supra
1435 2484 1817 2531 ferrugineo—maculata,
1856 2485 1887 2519 in
1927 2484 2082 2520 lateribus
2109 2491 2142 2520 et
2167 2485 2245 2520 sub-

648 2551 699 2580 tus
737 2549 804 2578 tota
846 2543 963 2577 clarius
998 2543 1296 2591 ferrugineo-flava,
1339 2543 1473 2578 maculis
1507 2544 1561 2578 vix
1588 2543 1669 2578 ullis.
1740 2542 1857 2579 Tibiae
1895 2548 1928 2578 et
1964 2548 2144 2578 metatarsz'
2187 2556 2243 2577 an-

648 2604 724 2641 nulo
753 2603 853 2640 basali
880 2602 1009 2644 latiore,
1037 2603 1153 2651 apicali
1184 2603 1372 2650 angustiore
1407 2613 1438 2637 et
1466 2601 1575 2638 medio
1599 2602 1715 2645 fuscis,
1742 2603 1894 2638 omnibus
1918 2615 2033 2650 parum
2061 2604 2245 2650 expressis;
