2435 3188
1638 262 1718 303 327

177 373 236 407 rite
264 373 292 407 ei
323 378 391 406 erat
418 370 597 417 cognitum,
639 381 753 415 magna
795 367 922 403 diffusio
951 381 1209 418 synonymorum
1239 373 1288 402 est
1315 373 1402 409 orta,
1437 381 1538 416 quare
1567 371 1661 404 etiam
1691 385 1775 417 opus

177 434 258 477 ejus,
287 432 331 465 ob
357 431 460 464 varias
485 428 727 475 descriptiones
756 428 897 474 optimas
921 435 952 462 et
979 428 1167 463 historicam
1203 428 1388 474 specierum
1422 429 1662 475 expositionem
1696 430 1773 462 satis

179 491 388 538 praetiosum,
416 494 508 522 caute
536 492 585 521 est
613 486 844 520 adhibendum.
908 486 942 521 In
977 487 1244 521 Enumeratiowe
1276 485 1461 520 Lichenum
1496 491 1619 521 critica
1649 488 1773 521 minore

179 550 304 583 laborat
329 560 439 582 errore
467 553 498 580 et
525 546 610 579 varia
635 551 768 579 naturae
795 547 898 593 magis
928 548 1164 581 convenienter
1191 546 1356 592 proponit,
1385 545 1443 579 sed
1474 545 1649 579 formarum
1669 547 1772 579 series

177 609 205 643 ei
233 621 295 642 non
321 607 397 640 satis
425 610 515 639 erant
541 603 646 638 clarae
670 610 701 638 et
728 605 888 651 cognitae.
942 603 1116 640 Describit
1143 610 1312 652 praeterea
1340 603 1405 638 hoc
1432 604 1507 639 loco
1541 603 1669 638 Usueae
1696 617 1773 651 spe-

177 668 259 701 ciem
288 665 349 699 sub
373 664 504 698 nomine
532 662 583 697 St.
614 662 788 698 Soleiroliz'.
844 662 953 701 Quem
982 664 1072 712 quod
1107 663 1148 698 ad
1175 664 1361 711 specierum
1398 663 1619 698 limitationem
1662 664 1773 697 attinet

176 730 308 760 secutus
333 729 383 758 est
411 721 480 757 Cel.
508 721 700 756 KOERBER
724 723 753 756 in
782 735 885 770 opere
914 724 1120 758 meritissimo
1156 722 1346 769 Syscemate
1369 721 1465 756 Lich.
1498 722 1677 762 German„
1714 722 1772 756 sed

176 783 242 817 sere
273 783 379 816 onmia
409 783 479 827 ejus
508 782 582 815 vitia
608 782 747 815 evitavit.
777 802 821 807 —
852 780 907 816 De
935 795 1011 816 vera
1038 782 1150 816 harum
1178 782 1360 829 plantarum
1388 782 1418 815 in
1448 780 1625 816 Germania
1657 783 1771 828 cogni-

175 843 262 876 tione
292 842 415 888 optime
443 847 613 888 praeterea
643 841 775 875 meritus
804 846 854 875 est
881 840 1147 881 FLOTovvms,
1178 842 1232 888 qui
1257 840 1375 875 nullam
1404 840 1536 888 quidem
1567 853 1686 875 novam
1714 839 1770 874 de-

176 900 306 947 scripsit
330 901 491 947 speciem‚
518 899 576 934 sed
605 899 748 933 variandi
777 912 886 934 earum
915 900 1098 935 facultatem
1127 901 1250 948 optime
1279 900 1447 947 perspexit
1477 899 1686 946 edocuitque.

324 988 400 1024 Nos
433 990 575 1038 denique
612 990 673 1037 ipsi
713 1003 796 1024 anno
838 992 988 1038 proxime
1026 990 1253 1038 praeterlapso
1285 988 1606 1024 Commentationem
1646 989 1687 1023 de
1723 988 1771 1022 his

174 1050 290 1097 plantis
315 1050 345 1083 in
374 1049 479 1084 lucem
507 1048 711 1097 protulimus,
739 1050 768 1083 in
799 1062 861 1096 qua
893 1049 1008 1084 decem
1034 1062 1137 1084 novas
1164 1049 1401 1096 proposuimus
1426 1049 1576 1096 species,
1604 1061 1622 1083 e
1651 1048 1771 1096 quibus

172 1108 239 1143 fere
267 1109 419 1143 omnibus
446 1122 511 1142 non
538 1121 635 1142 unum
664 1107 842 1143 alterumve
883 1109 1132 1156 speciminulum
1162 1107 1278 1149 adsuit,
1307 1107 1367 1142 sed
1406 1121 1524 1155 magna
1554 1108 1769 1155 speciminum

174 1168 279 1215 copia,
302 1180 402 1215 quare
429 1168 483 1201 vix
510 1166 740 1208 crederemus,
772 1167 866 1201 ullam
900 1167 1036 1201 sormam
1064 1168 1224 1202 immerito
1251 1166 1440 1214 dignitatem
1469 1166 1657 1214 specificam
1685 1167 1770 1200 obti-

173 1228 293 1262 nuisse.
346 1226 475 1261 Interea
503 1224 552 1260 Cl.
579 1225 639 1260 W.
666 1225 885 1261 NYLANDER
915 1232 1027 1261 contra
1055 1225 1120 1261 hoc
1152 1226 1349 1274 opusculum
1386 1232 1452 1259 tum
1480 1226 1511 1260 in
1539 1225 1641 1260 diario
1675 1224 1770 1260 »Bo-

173 1285 296 1320 taniska
331 1284 488 1319 Notiser«
531 1283 624 1320 1857
659 1283 703 1319 N.
737 1286 791 1325 10,
818 1291 885 1319 tum
913 1286 942 1319 in
968 1284 1069 1320 Flora
1091 1287 1131 1332 ej.
1161 1299 1210 1319 an.
1238 1283 1305 1318 N:0
1333 1285 1380 1320 34
1422 1285 1649 1319 recensionem
1690 1297 1768 1319 con-

172 1345 311 1392 scripsit,
339 1357 423 1392 quae
450 1350 556 1378 tamen
586 1344 812 1378 tantummodo
852 1344 1077 1380 demonstrare
1116 1344 1254 1385 videtur,
1291 1357 1365 1378 eum
1395 1344 1493 1378 solito
1529 1357 1622 1378 more
1648 1343 1767 1391 judicia

173 1405 351 1439 certissima
382 1403 490 1438 facere
524 1402 566 1437 de
599 1403 717 1450 plantis
744 1416 921 1451 numquam
952 1404 1041 1438 visis.
1102 1401 1137 1438 In
1169 1402 1248 1438 Bot.
1281 1402 1361 1438 Not.
1387 1403 1405 1437 l.
1433 1416 1460 1437 c.
1489 1416 1550 1437 nos
1587 1404 1649 1451 ipsi
1678 1409 1710 1438 et
1736 1404 1767 1438 in

171 1461 272 1497 Flora
296 1461 364 1497 Nzo
391 1462 438 1498 47
465 1460 567 1496 Dom.
595 1460 638 1496 K.
666 1461 978 1504 demonstravimus,
1019 1475 1116 1510 quam
1156 1463 1319 1498 levissima
1359 1468 1433 1497 sunt
1460 1463 1531 1508 ejus
1558 1468 1767 1509 argumenta,

173 1534 272 1570 quare
300 1521 448 1569 pluribus
475 1522 586 1556 verbis
612 1520 653 1555 de
679 1520 740 1556 hac
765 1534 800 1556 re
827 1534 893 1556 non
919 1535 1004 1570 opus
1034 1527 1092 1557 est.

313 1695 456 1731 Sect.1.
511 1693 979 1731 EUSTEREOCAULON:
1014 1694 1166 1743 podetiis
1195 1694 1333 1744 rigidis,
1368 1693 1532 1743 lignosis3
1569 1692 1765 1742 phyllocla-

174 1752 238 1789 diis
269 1752 304 1789 in
328 1754 499 1795 ramulos,
528 1753 731 1803 sqnamulas
758 1753 777 1790 l.
805 1753 950 1803 granula
980 1753 1120 1789 mutatis
1154 1756 1251 1801 (raro
1279 1754 1313 1789 in
1339 1753 1524 1802 pulverem
1552 1752 1765 1800 dissolutis):

172 1811 364 1860 apotheciis
391 1813 633 1849 terminalibus
660 1811 679 1849 l.
709 1812 920 1849 lateralibus.

321 1885 394 1920 Sub
421 1886 482 1920 hac
506 1887 653 1921 sectione
680 1885 941 1934 comprehensas
972 1885 1123 1920 volumus
1158 1898 1273 1920 omnes
1301 1886 1447 1933 species,
1483 1899 1567 1933 quae
1595 1884 1765 1920 crescendi

172 1945 271 1979 modo
299 1945 539 1980 suffruticuloso
567 1952 628 1980 etc.
655 1952 770 1994 typum
802 1945 897 1991 hujus
921 1945 1052 1992 generis
1073 1945 1197 1992 optime
1224 1946 1418 1993 exprimunt.
1474 1943 1544 1980 Cel.
1573 1944 1763 1979 KOERBER

171 2004 212 2038 ab
243 2004 291 2039 bis
316 2003 450 2038 dimovit
477 2006 608 2052 species
637 2004 864 2053 pliyllocladiis
893 2004 933 2038 ad
960 2004 1052 2038 basin
1079 2003 1288 2051 podetiorum
1317 2004 1569 2051 persistentibus
1604 2004 1764 2050 insignes,

172 2062 230 2098 sed
256 2063 316 2098 bae
345 2064 440 2098 nobis
468 2063 617 2098 videntur
643 2064 735 2098 nimis
761 2077 834 2098 cum
863 2064 980 2098 ceteris
1007 2064 1211 2109 conjunctae,
1241 2075 1337 2110 quam
1367 2068 1401 2097 ut
1425 2063 1473 2096 alii
1503 2063 1638 2097 sectioni
1660 2062 1761 2096 adnu-

172 2128 343 2163 merentur,
370 2129 401 2157 et
431 2136 447 2156 a
475 2122 524 2157 St.
552 2137 648 2163 mmo,
672 2123 712 2157 ab
741 2122 859 2158 eodem
886 2123 924 2156 iis
952 2123 1101 2170 proxime
1129 2122 1302 2162 collocato,
1333 2122 1462 2169 longius
1488 2128 1578 2156 certe
1600 2121 1727 2156 distant.

321 2213 365 2249 A.
417 2225 649 2250 SAxlFRAGA:
677 2213 830 2262 podetiis
864 2213 1042 2249 mediante
1069 2212 1278 2262 hypothallo
1308 2213 1443 2249 matrici
1473 2213 1670 2249 arctissime
1701 2213 1762 2248 ad-

173 2271 269 2313 natis,
296 2272 457 2308 solitariis
484 2272 504 2308 l.
531 2272 690 2321 pluribus
719 2284 767 2309 ex
794 2285 863 2308 una
888 2272 964 2308 basi
991 2272 1190 2320 caespitose
1210 2270 1446 2314 nascentibus,
1474 2272 1585 2322 magis
1601 2272 1762 2308 minusve

174 2341 330 2366 ramosns.

319 2402 428 2441 Quum
457 2405 735 2452 Saygfragorum
762 2418 881 2439 nomen
907 2404 956 2440 his
988 2405 1106 2453 plantis
1143 2405 1332 2446 tribuimus,
1364 2406 1494 2440 minime
1521 2412 1675 2453 negatum
1701 2419 1759 2440 vo-

175 2459 304 2501 luimus,
331 2474 386 2496 eas
421 2465 514 2498 etiam
542 2465 609 2499 aliis
647 2464 728 2499 locis
756 2463 894 2499 subinde
922 2465 1072 2505 inveniri,
1116 2470 1149 2498 ut
1177 2471 1285 2499 autem
1318 2463 1540 2499 Umbilicaria
1574 2465 1760 2512 pustulata

175 2531 237 2551 non
265 2531 305 2553 eo
331 2521 433 2555 minus
460 2524 601 2557 saxicola
628 2522 740 2558 haberi
768 2523 877 2563 debet,
906 2523 995 2571 quod
1022 2525 1051 2557 in
1078 2523 1165 2570 ligno
1194 2536 1350 2558 crescens
1377 2524 1505 2558 inventa
1529 2525 1578 2565 sit,
1604 2525 1651 2558 sic
1677 2537 1759 2572 quo-

175 2589 238 2624 que
270 2578 338 2622 jure
366 2578 421 2613 has
447 2582 575 2626 species
603 2582 781 2629 saxifragas
809 2582 976 2630 appellare
1010 2595 1205 2630 possumus,
1250 2596 1447 2630 quamquam
1488 2584 1652 2618 rarissime
1693 2584 1761 2617 aliis

176 2635 255 2669 locis
284 2644 465 2672 occurrunt.
515 2638 565 2673 Ea
592 2646 697 2675 autem
727 2653 760 2675 re
788 2654 921 2687 semper
948 2642 1082 2688 agnosci
1120 2648 1275 2688 possunt,
1310 2642 1398 2689 quod
1433 2656 1507 2676 cnm
1532 2644 1666 2678 matrice
1695 2642 1761 2677 sere
