2435 3188
657 289 739 330 16ss

1176 482 1234 531 D.
1303 479 1631 530 APPENDIX

1317 581 1484 611 continens

1045 659 1433 710 Enumerationem
1476 658 1753 709 Aranearum

1085 759 1120 795 in
1146 759 1318 808 Uplandia
1343 759 1460 795 adhuc
1488 759 1720 796 inventarum.

597 946 730 1010 Quum
759 960 804 996 ad
828 971 986 999 araneas,
1009 969 1097 1006 quas
1125 957 1351 998 CLERCKIUS,
1374 955 1566 993 LINNAEUS
1594 960 1629 992 et
1654 957 1713 992 DE
1742 958 1898 993 GEERUS
1927 955 2202 1005 descripserunt,

596 1022 661 1059 rite
689 1017 964 1067 cognoscendas
990 1020 1024 1051 et
1051 1015 1274 1051 definiendas
1302 1027 1374 1050 non
1399 1027 1523 1062 parum
1550 1015 1729 1051 conducat
1755 1015 1864 1057 scire,
1893 1028 1985 1064 quae
2011 1015 2152 1064 species
2166 1016 2202 1052 in

599 1094 642 1118 ea
667 1067 851 1129 proiincia
876 1077 1066 1126 gignantur
1090 1074 1147 1110 vel
1171 1074 1295 1110 saltem
1317 1073 1433 1109 adhuc
1462 1086 1575 1122 usque
1602 1075 1767 1110 inventae
1797 1074 1873 1116 sint,
1896 1074 1956 1110 ubi
1984 1073 2202 1110 domicilium

597 1140 799 1176 habuerunt
832 1136 1026 1184 scriptores
1065 1133 1121 1175 illi,
1157 1132 1361 1168 recensioni
1399 1144 1610 1168 aranearum
1645 1133 1689 1169 ab
1727 1133 1770 1169 iis
1814 1133 2070 1181 descriptarum
2111 1133 2203 1169 hanc

597 1197 903 1236 enumerationem
932 1193 1131 1242 adjungere
1159 1192 1243 1228 utile
1268 1191 1396 1240 putavi,
1432 1191 1467 1226 in
1495 1204 1601 1240 quam
1629 1192 1695 1228 nisi
1722 1195 1838 1228 certas
1865 1195 1900 1227 et
1931 1191 2094 1228 definitas
2120 1204 2202 1240 spe*

599 1258 673 1293 cies
699 1269 771 1292 non
798 1253 929 1302 recepi.
986 1254 1085 1297 Quas
1113 1250 1259 1300 quidem
1289 1263 1362 1285 non
1389 1249 1467 1298 ipse
1494 1250 1528 1286 in
1555 1250 1727 1299 Uplandia
1749 1250 1878 1292 inveni,
1913 1263 2034 1286 earum
2058 1251 2204 1287 nomina

601 1315 739 1352 uncinis
765 1315 799 1364 ([
813 1315 847 1364 ])
872 1311 1008 1348 inclusi.
1063 1310 1174 1360 Signo
1200 1310 1247 1358 C)
1275 1309 1416 1358 species
1446 1310 1574 1352 notavi,
1603 1322 1695 1359 quae
1722 1322 1796 1346 non
1823 1314 1927 1346 antea
1946 1310 2038 1346 inter
2056 1322 2204 1346 araneas

597 1375 759 1412 suecicas
784 1375 990 1409 numeratae
1031 1374 1121 1406 sunt.
1176 1370 1278 1413 Quae
1318 1383 1420 1403 novae
1461 1381 1542 1404 esse
1580 1368 1755 1411 videntur,
1798 1381 1860 1405 eas
1901 1368 2202 1417 descriptionibus

598 1433 768 1470 brevibus
803 1430 981 1468 illustravi.
1013 1452 1058 1458 —
1094 1429 1225 1475 «Legis
1243 1433 1471 1476 prioritatis»
1499 1427 1674 1464 rationem
1702 1440 1808 1477 quam
1847 1427 2114 1478 diligentissime
2140 1426 2202 1463 ha-

597 1493 686 1529 bere
714 1495 862 1527 conatus
889 1502 979 1530 sum,
1016 1493 1141 1524 contra
1168 1499 1274 1536 quam
1301 1486 1330 1522 si
1363 1486 1598 1534 peccaverim,
1631 1486 1750 1523 sciens
1783 1486 2015 1536 prudensque
2043 1490 2140 1522 certe
2166 1485 2202 1521 id

599 1564 670 1588 non
695 1550 852 1587 fecerim.

732 1644 817 1676 Fam.
841 1644 864 1674 I.
887 1640 1125 1673 EPEIRIDAE
1150 1639 1243 1671 Szmd.
1400 1644 1549 1713 ‘cornuta
1573 1639 1710 1681 (Clerclc.)

683 1713 760 1745 Gen.
784 1713 806 1743 Ι.
830 1711 954 1742 EPEmA
966 1711 988 1751 ⁴²)
1013 1708 1156 1752 (Walclc.)
1416 1693 1576 1761 [jaff-{fiala
1600 1690 1737 1733 (σῶαι)

597 1771 909 1816 (2
1414 1742 1733 1784 (J

597 1824 779 1856 diademata
802 1822 939 1865 (Clerclc.)

598 1876 685 1906 lutea
708 1874 801 1906 Koch!-
1413 1845 1546 1886 agalena
1575 1844 1615 1875 W
1612 1843 1684 1875 alc-lc.

598 1936 776 1958 marmorea
800 1922 937 1966 (merck)
1413 1896 1611 1927 cucurbitina
1633 1893 1783 1935 (Clerclc.)

600 1976 804 2020 pyramidata
827 1974 964 2016 (werck.)
1413 1962 1611 2004 “westringii
1634 1974 1662 1992 n.
1679 1974 1722 2003 sp.
1743 1980 1776 1984 —-
1796 1961 1896 2003 Long.
1910 1961 1992 1992 8-9
2017 1961 2134 1992 millim.
2148 1963 2199 2003 (2).

599 2028 758 2070 quadrata
781 2025 919 2069 (Clerclc.)
1498 2022 1831 2059 Flavescentess-testacea,
1870 2022 1985 2063 pedum
2024 2021 2200 2052 internodiis

597 2079 775 2111 umbratica
797 2076 934 2119 (Clerclc.)
1414 2075 1499 2115 apice
1521 2072 1724 2115 fe⁷·ru9i71eis;
1757 2072 1903 2103 abdomen
1930 2085 2025 2115 supra
2056 2073 2199 2112 albicans,

598 2130 792 2172 sclopetaria
816 2128 953 2170 (Clerclc.)
1404 2125 1509 2168 fascia
1549 2124 1687 2165 utrinque
1727 2124 1797 2163 Ιαία,
1821 2129 1848 2154 et
1878 2124 1978 2155 media
2012 2123 2199 2162 abbreviata,

662 2223 681 2255 ⁶)
701 2222 811 2257 Species
832 2223 950 2247 suecicas
969 2223 1072 2257 generis
1092 2221 1232 2257 Epeirae
1258 2218 1353 2245 Walck.
1373 2218 1406 2244 ad
1424 2221 1548 2252 quattuor
1566 2225 1662 2252 genera
1681 2216 1785 2242 diversa
1803 2216 1886 2246 retuli,
1906 2225 1973 2250 quae
1991 2216 2042 2243 hoc
2060 2218 2141 2244 modo
2161 2218 2199 2243 di-

598 2266 694 2300 stingui
713 2270 840 2300 possunt:

665 2309 685 2335 1.
720 2308 844 2334 Maxillae
864 2308 966 2338 breves,
986 2308 1214 2334 sub-orbiculatae
1232 2307 1272 2331 vel
1292 2307 1361 2331 intus
1382 2304 1486 2338 oblique
1506 2307 1651 2328 truncatae.

719 2351 751 2376 Α.
787 2350 862 2376 Oculi
889 2351 1012 2376 laterales
1045 2352 1121 2376 antici
1149 2351 1181 2375 ab
1210 2350 1301 2375 anticis
1329 2348 1420 2374 mediis
1448 2347 1552 2381 longius
1579 2346 1661 2371 multo
1688 2345 1827 2376 distantes,
1851 2354 1927 2380 quam
1946 2345 1971 2371 hi
1990 2347 2056 2372 inter
2075 2355 2117 2372 se:
2138 2346 2199 2373 Gen.

794 2393 921 2427 Epeira.

720 2436 749 2462 Β.
787 2435 861 2461 Oculi
880 2436 1002 2461 laterales
1023 2436 1099 2461 antici
1118 2444 1170 2461 non
1190 2435 1229 2460 vel
1249 2443 1340 2469 parum
1359 2433 1463 2467 longius
1484 2433 1515 2457 ab
1536 2433 1627 2458 amicis
1647 2432 1739 2458 mediis
1760 2431 1898 2462 distantes,
1919 2441 1995 2467 quam
2016 2432 2040 2458 hi
2059 2433 2125 2458 inter
2144 2441 2182 2458 se.

795 2488 820 2504 α.
857 2478 933 2503 medii
952 2479 1048 2512 postici
1068 2479 1191 2508 minores,
1211 2486 1288 2512 quam
1307 2477 1383 2502 medii
1403 2476 1487 2506 antici,
1507 2481 1533 2501 et
1552 2476 1617 2501 inter
1636 2484 1665 2501 se
1685 2476 1823 2510 propiores
1843 2476 1883 2501 vel
1903 2485 1955 2501 non
1975 2476 2079 2511 longius
2099 2475 2198 2501 distan-

857 2524 907 2551 tes,
927 2530 1003 2555 quam
1022 2522 1047 2546 hi
1066 2522 1133 2546 inter
1151 2529 1193 2546 se:
1215 2520 1276 2546 Gen.
1296 2519 1388 2546 Zilla.

797 2566 823 2598 β.
859 2564 936 2589 medii
963 2565 1058 2598 postici
1086 2563 1210 2598 majores,
1238 2571 1314 2597 quam
1334 2563 1411 2588 medii
1432 2563 1516 2593 antici,
1537 2567 1562 2587 et
1581 2562 1647 2587 inter
1666 2571 1695 2588 se
1714 2562 1818 2597 longius
1838 2561 1976 2592 distantes,
1996 2570 2072 2596 quam
2091 2561 2115 2587 hi
2134 2562 2200 2588 inter

856 2616 898 2632 se:
920 2607 982 2633 Gen.
1002 2607 1115 2641 Singa.

650 2651 684 2678 ΙΙ.
720 2650 842 2677 Maxillae
863 2651 1002 2685 oblongae,
1021 2651 1078 2676 basi
1099 2653 1268 2685 angustatae:
1289 2649 1351 2676 Gen.
1369 2649 1466 2675 Meta.
