2435 3188
705 264 793 305 104

648 370 862 407 mandibulis
887 370 1113 420 longioribus
1140 383 1247 420 quam
1278 371 1456 408 metatarsi
1484 371 1619 421 pedum
1642 371 1841 408 anticorum
1867 376 1904 409 et
1918 373 2048 419 forma
2073 379 2251 422 epigynes:

648 439 682 476 0⁷·
709 437 828 466 autem
854 441 1030 478 procursu
1058 429 1118 465 illo
1146 429 1480 479 angulato-sinuoso
1508 429 1634 466 subtus
1658 431 1695 467 in
1721 430 1833 468 bulbo
1860 431 2004 481 genitali
2033 436 2100 468 cet.

797 557 1035 593 TARENTULA
1071 558 1239 605 inquilina
1272 557 1489 607 (Clerck.)
1523 557 1637 606 Long.
1667 558 1812 593 11—14
1841 557 1972 594 millim.
2002 560 2069 606 (2);
2113 558 2257 594 10-12

875 615 1006 651 millim.
1033 618 1107 661 (0⁷¹).

739 691 802 725 Syn.
825 689 886 717 vide
907 698 968 727 pag.
994 691 1059 716 107.

797 767 915 804 Minus
937 767 1095 808 robusta,
1123 765 1489 809 rufescenti-cinerea,
1519 765 1821 816 cephalothorace
1842 765 1952 802 fascia
1968 765 2133 815 utrinque
2148 766 2257 807 fusca,

649 826 765 863 antice
791 826 1002 875 posticeque
1030 825 1177 875 nigrore
1205 824 1397 867 terminata,
1424 825 1623 862 femoribus
1651 824 1967 875 nigro-maculatis,
2007 830 2132 862 ventre
2164 829 2262 868 atro;

653 885 854 922 abdominis
890 885 1041 921 dorsum
1072 884 1108 920 in
1137 888 1155 921 2
1180 883 1405 932 distinguitur
1441 883 1544 920 lineis
1583 884 1749 920 testaceis
1789 884 1960 934 obliquis,
2004 883 2261 926 sub-arcuatis,

652 945 745 982 binis
773 944 957 994 oppositis,
981 945 1075 981 intus
1103 943 1249 993 nigrore
1275 942 1485 985 terminatis,
1515 955 1666 992 quarum
1694 947 1861 992 quattuor
1901 943 2100 980 anteriores
2128 942 2263 990 disjun-

655 1010 732 1042 ctae
756 1008 845 1046 sunt,
885 1002 1106 1052 posteriores
1145 1006 1265 1038 autem
1292 1001 1396 1037 binae
1430 1001 1592 1050 apicibus
1631 1003 1855 1050 conjunctae,
1893 1001 2005 1039 lineas
2042 1007 2262 1039 transversas

654 1063 836 1114 angulatas
862 1060 1074 1103 formantes;
1101 1060 1238 1110 postice
1265 1072 1353 1096 vero
1376 1060 1472 1096 serie
1500 1060 1665 1110 utrinque
1698 1072 1747 1096 ex
1775 1060 1914 1109 punctis
1943 1061 2118 1103 testaceis,
2147 1060 2262 1096 antice

656 1120 980 1173 nigro-marginatis
1005 1119 1172 1162 formata;
1200 1119 1236 1156 in
1259 1128 1295 1165 0⁷¹
1321 1119 1504 1156 abdomen
1529 1119 1621 1155 vittis
1647 1118 1786 1155 duabus
1804 1119 2120 1169 longitudinalibus
2144 1119 2262 1160 fuscis,

653 1179 949 1231 nigro-punctatis
985 1183 1146 1215 notatum
1180 1184 1250 1220 est,
1294 1178 1408 1227 spatio
1447 1178 1636 1225 interjecto
1663 1182 1739 1214 toto
1767 1179 1978 1216 rufescenti-
2003 1180 2062 1216 vel
2089 1182 2265 1216 testaceo—

656 1241 817 1281 cinereo,
858 1239 998 1288 punctis
1038 1242 1173 1274 tantum
1213 1237 1358 1274 duobus
1396 1236 1593 1286 majoribus
1620 1236 1656 1273 in
1684 1241 1784 1286 parte
1811 1238 1926 1275 antica
1957 1238 2077 1289 nigris.
2130 1237 2265 1274 Bulbus

657 1301 819 1348 genitalis
845 1298 971 1335 subtus
1000 1297 1157 1334 inermis.

804 1400 927 1437 Descr.
954 1403 972 1437 2
995 1401 1052 1436 ad.
1095 1421 1139 1427 -
1181 1397 1536 1448 Cephalothorax
1575 1397 1770 1447 6¹f2—7¹s2
1801 1399 1921 1434 millim.
1958 1399 2095 1447 longus,
2135 1398 2259 1434 latitud.

657 1463 796 1498 maxima
826 1459 866 1510 ²l3
913 1459 1124 1508 longitudinis
1165 1459 1276 1507 paullo
1315 1458 1500 1506 superanti,
1543 1456 1665 1492 latitud.
1704 1457 1818 1494 frontis
1856 1458 1924 1494 fere
1970 1457 2009 1507 ²42
2053 1458 2265 1507 longitudinis

658 1521 827 1570 aequanti,
860 1519 965 1554 forma
994 1520 1025 1554 in
1052 1531 1126 1566 gen.
1155 1517 1336 1553 Tarentula
1369 1516 1547 1559 ordinaria,
1576 1518 1776 1559 ob-ovatus,
1804 1518 1910 1553 antice
1937 1517 2048 1566 paullo
2087 1519 2266 1565 angustior,

660 1594 758 1630 quam
782 1581 813 1615 in
845 1579 883 1613 T.
896 1577 1042 1626 fabrili,
1070 1577 1172 1613 dorso
1197 1589 1304 1625 usque
1335 1575 1377 1611 ad
1409 1575 1526 1611 oculos
1553 1577 1703 1624 posticos
1719 1582 1821 1618 recto,
1845 1582 1914 1611 tum
1942 1576 1984 1611 ad
2010 1575 2139 1612 medios
2154 1576 2265 1624 paullo

658 1640 786 1681 declivi,
814 1639 887 1687 pilis
914 1644 947 1673 et
971 1639 1049 1673 setis
1076 1637 1164 1671 utin
1195 1636 1258 1678 illa,
1297 1635 1404 1670 fronte
1432 1635 1543 1683 paullo
1572 1635 1696 1670 altiore.
1765 1633 1893 1670 Oculi
1920 1634 1988 1670 sere
2012 1641 2047 1670 ut
2070 1636 2103 1670 in
2135 1635 2174 1670 T.
2193 1637 2266 1682 fa-

656 1699 744 1741 brilt,
773 1705 805 1734 at
831 1699 993 1737 minores·‚
1033 1696 1131 1731 medii
1169 1700 1279 1731 antici
1305 1708 1323 1729 a
1351 1695 1498 1742 margine
1530 1693 1645 1729 frontis
1677 1694 1784 1741 spatio
1813 1693 1942 1736 distant,
1979 1694 2072 1743 quod
2106 1694 2266 1730 diametro

659 1760 776 1795 horum
802 1757 974 1792 oculorum
1001 1755 1104 1803 duplo
1136 1756 1241 1802 majus
1265 1759 1325 1789 est.
1391 1751 1602 1795 Sternum,
1639 1753 1838 1789 maxillae
1875 1759 1909 1788 et
1950 1753 2103 1789 labium
2131 1752 2173 1788 ad
2201 1753 2270 1789 for-

658 1832 744 1854 mam
767 1823 803 1852 ut
826 1818 857 1851 in
882 1816 944 1850 illa.
993 1813 1270 1849 Mandibulae
1297 1812 1633 1861 ovato-cylindricae,
1663 1814 1828 1854 minores,
1858 1812 1984 1848 femore
2022 1813 2091 1848 fere
2119 1813 2266 1861 angusti—

659 1891 746 1919 ores,
773 1888 954 1912 convexae.
1009 1873 1134 1921 Palpi
1162 1872 1370 1921 graciliores,
1400 1884 1499 1920 quam
1523 1872 1555 1906 in
1581 1871 1649 1913 illa,
1682 1879 1790 1920 parte
1829 1872 1956 1907 tarsalz'
1995 1872 2123 1920 apicem
2152 1884 2269 1907 versus

660 1937 772 1987 paullo
796 1940 976 1983 angustata.
1038 1932 1181 1968 Pedes
1220 1945 1355 1980 quoque
1392 1931 1585 1979 graciliores
1623 1935 1656 1965 et
1683 1931 1868 1978 longiores:
1905 1935 2024 1978 quarti
2059 1931 2148 1978 paris
2185 1931 2270 1965 enim

662 1995 941 2045 cephalothorace
969 1992 1060 2040 32plo
1087 1992 1257 2040 longiores
1285 1996 1376 2030 sunt;
1407 1990 1543 2038 patella
1582 1989 1714 2024 dimidia
1742 1990 1820 2025 tibia
1851 1990 1984 2025 brevior
2024 1989 2161 2038 (patella
2187 1991 2272 2025 tertii

661 2058 750 2106 paris
777 2057 950 2101 excepta)·,
983 2051 1142 2099 scapulae
1169 2052 1320 2085 rariores.
1371 2049 1528 2085 Ceterum
1559 2050 1590 2084 in
1618 2049 1703 2084 hanc
1730 2048 1849 2084 eadem
1873 2048 2004 2091 cadunt,
2031 2062 2118 2097 quae
2146 2048 2188 2084 de
2207 2062 2270 2097 pe-

662 2117 759 2152 dibus
791 2114 830 2149 Τ.
851 2111 1004 2159 fabrilis
1031 2111 1106 2145 dixi.
1159 2109 1419 2146 Abdominis
1450 2109 1554 2143 forma
1580 2115 1616 2143 ut
1640 2110 1672 2143 in
1702 2121 1751 2143 ea.
1803 2108 1970 2157 Epigyne
1995 2108 2127 2156 plagam
2153 2107 2271 2142 format

661 2175 868 2212 rotundatam
894 2172 947 2207 vel
976 2169 1261 2218 sub-quadratam,
1290 2168 1415 2209 duram,
1444 2169 1639 2209 coriaceam,
1666 2169 1698 2202 in
1726 2167 1835 2202 medio
1869 2167 1952 2202 linea
1980 2167 2122 2208 elevata,
2163 2168 2270 2214 gemi—

661 2241 736 2271 nata
763 2238 918 2271 notatam,
946 2243 1030 2279 quae
1058 2235 1132 2264 ante
1161 2230 1277 2264 rimam
1302 2228 1477 2276 genitalem
1504 2226 1546 2262 ad
1572 2233 1748 2274 utrumque
1790 2226 1873 2261 latus
1908 2226 2035 2273 angulis
2072 2226 2171 2261 rectis
2213 2239 2272 2261 ex-

664 2296 772 2334 currit,
797 2293 925 2326 foveam
951 2291 1147 2337 impressam
1178 2288 1329 2335 utrinque
1362 2289 1392 2321 in
1418 2286 1538 2334 angulo
1577 2285 1758 2326 includens,
1784 2285 1909 2320 literam
1937 2283 1968 2318 T
1992 2285 2157 2319 inversam
2185 2284 2269 2332 figu-

668 2367 753 2389 rans.
808 2350 889 2385 Pilis
916 2348 1121 2396 longioribus
1149 2346 1279 2381 occulta
1309 2352 1359 2382 est
1381 2346 1465 2380 haec
1493 2344 1601 2393 plaga.

815 2447 1171 2497 Cephalothorax
1194 2446 1552 2485 rufescenti-cinereus‚
1577 2443 1677 2479 fascia
1704 2443 1826 2479 laterali
1854 2442 1959 2485 fusca,
1999 2444 2106 2479 antice
2144 2442 2271 2491 (paullo

666 2517 739 2546 ante
761 2509 1015 2556 impressionem
1037 2505 1256 2554 cephalicam)
1283 2510 1316 2539 et
1342 2504 1472 2551 postice
1499 2504 1545 2549 (in
1573 2501 1760 2538 declivitate
1790 2503 1934 2550 postica)
1961 2503 2045 2538 linea
2072 2503 2164 2551 nigra
2183 2502 2268 2537 obli-

666 2582 731 2618 qua
756 2568 941 2606 terminata,
968 2565 1051 2600 haec
1078 2577 1158 2599 vero
1187 2563 1286 2598 fascia
1310 2563 1505 2610 saepissime
1531 2561 1573 2596 ad
1601 2563 1774 2597 maximam
1799 2567 1925 2609 partem
1955 2562 2127 2597 obliterata
2153 2566 2211 2603 est,
2239 2566 2272 2596 et

665 2636 732 2664 tum
763 2624 1023 2676 cephalothorax
1054 2628 1141 2658 totus
1167 2621 1514 2658 rufescenti-cinereus
1542 2620 1713 2662 dicendus,
1740 2620 1823 2657 linea
1848 2621 1902 2657 vel
1932 2622 2009 2657 vitta
2046 2619 2181 2668 obliqua
2217 2620 2266 2657 ni-
