2435 3188
1657 264 1740 306 293

183 373 315 409 {loriseri
340 372 442 412 densi,
469 371 621 406 fructiferi
646 370 800 418 elongati,
828 370 899 411 laxi,
925 369 1129 411 subarcuati3
1154 369 1308 418 pedicelli
1341 383 1476 418 semper
1501 377 1796 419 erecto-patentes,

186 434 323 473 breves,
365 432 476 466 crassi.
548 431 719 465 Bracteae
757 429 1076 470 albo-virescentes,
1116 442 1220 464 nervo
1262 429 1355 463 viridi
1395 430 1592 471 instructae,
1630 432 1796 479 oblongo-

184 492 338 532 lineares‚
373 496 504 531 acutae,
534 489 719 537 pedicellos
755 488 941 523 fructiferos
980 487 1184 535 longitudine
1219 488 1476 536 subaequantes.
1539 489 1661 524 Flores
1688 492 1796 538 magni

183 549 401 600 (chzariae
427 549 644 596 capreolatae
668 548 779 596 paullo
815 548 1000 594 longiores,
1032 547 1091 582 sed
1129 547 1231 582 multo
1266 548 1433 595 latiores),
1462 547 1663 590 albo-rosei,
1695 549 1797 584 dorso

182 611 309 644 intense
332 609 491 656 purpurei
521 613 554 642 et
580 608 675 655 apice
705 608 947 654 atropurpurei.
1003 606 1132 654 Sepala
1161 607 1309 648 maxima,
1337 606 1455 647 albida,
1483 619 1587 641 nervo
1613 607 1706 642 viridi
1734 608 1798 644 late

183 669 339 708 carinata,
365 672 476 707 ovata,
504 672 615 707 acuta,
642 667 714 701 basi
755 666 890 714 oblique
928 666 1139 700 subtruncata
1178 666 1370 714 ibidemque
1406 665 1619 708 denticulata,
1650 673 1796 702 ceterum

183 727 389 773 subintegra,
418 725 574 760 corollam
610 725 775 760 dimidiam
807 725 1010 773 longitudine
1042 726 1213 773 aequantia
1249 726 1389 772 ejusque
1417 725 1496 759 tubo
1525 724 1593 759 sere
1625 725 1727 773 duplo
1754 726 1799 760 la-

182 787 274 820 tiora.
327 785 491 820 Petalum
518 791 677 833 superius
703 798 776 819 cum
816 785 933 819 calcari
963 784 1290 819 ovato-subrotundo
1320 784 1395 818 albo
1424 797 1574 825 roseum,
1607 784 1710 819 dorso
1751 786 1799 819 in-

183 852 276 880 tense
303 858 515 892 purpureum,
543 845 637 892 apice
663 850 792 879 acutum
810 855 841 879 et
862 857 1006 892 superne
1033 844 1136 890 gibbo
1161 843 1254 877 viridi
1278 844 1483 885 instructum,
1513 846 1607 890 cujus
1633 846 1799 892 margines

184 904 313 945 rellexi,
354 905 481 938 intense
523 904 694 951 purpurei,
734 917 896 938 summum
937 904 1065 951 apicem
1105 916 1170 937 non
1211 904 1380 950 attingunt.
1441 903 1605 938 Petalum
1645 904 1797 949 inferius

183 969 322 1011 anguste
351 963 487 1003 lineare,
515 963 778 1003 canaliculatum,
810 962 970 1003 albidum,
1006 964 1101 1010 apice
1128 968 1258 997 acutum
1286 968 1317 996 et
1341 961 1466 997 inferne
1496 963 1600 1010 gibbo
1627 962 1721 997 viridi
1750 964 1797 997 in-

183 1029 358 1064 structum,
396 1023 449 1069 qui
494 1024 658 1069 margines
686 1022 786 1056 habet
813 1028 988 1069 angustOS‚
1031 1028 1333 1069 erecto-patentes,
1373 1035 1535 1056 summum
1576 1023 1705 1069 apicem
1732 1036 1797 1056 non

183 1083 395 1129 attingentes
427 1082 569 1128 petalum
598 1081 662 1115 lioc
690 1094 792 1128 saepe
821 1094 836 1114 a
866 1081 985 1114 ceteris
1010 1081 1116 1116 distat.
1171 1082 1299 1116 Peliala
1326 1082 1500 1128 ‘inferiora
1538 1081 1663 1123 albida,
1703 1082 1799 1129 apice

184 1149 441 1189 atro-purpurea
469 1147 501 1175 et
531 1140 807 1187 longitudinaliter
833 1139 1027 1187 tri-plicata,
1063 1154 1080 1174 a
1114 1140 1224 1175 medio
1251 1140 1290 1174 ad
1321 1142 1450 1188 apicem
1484 1154 1614 1175 sursum
1649 1147 1800 1182 curvata,

183 1201 301 1250 petalis
328 1201 447 1235 ceteris
476 1200 638 1234 breviora.
694 1199 850 1234 Fructus
878 1212 1027 1246 magnus,
1051 1199 1293 1241 subrotundus,
1319 1200 1459 1235 obtusus
1485 1214 1559 1235 cum
1586 1201 1799 1241 inucronulo,

183 1259 505 1308 compressiusculus
531 1265 562 1293 et
590 1259 833 1299 subcarinatus,
859 1258 1137 1305 longitudinaliter
1164 1260 1294 1294 striatus
1329 1265 1362 1293 et
1388 1259 1492 1294 dense
1523 1259 1584 1294 sed
1608 1261 1800 1295 tenuissime

183 1319 416 1359 tuberculatus,
447 1318 519 1352 basi
547 1317 712 1365 pedicello
741 1319 922 1352 incrassato
952 1318 1130 1365 angustior.

335 1425 417 1460 Icon
444 1432 478 1459 et
503 1424 685 1472 descriptio
713 1438 755 1458 ex
777 1423 1028 1472 exemplaribus
1054 1429 1137 1459 vivis
1164 1429 1199 1459 in
1222 1423 1309 1458 lmrt.
1337 1422 1400 1458 bot.
1425 1423 1604 1459 Lundensi
1632 1425 1746 1461 cultis.

520 1700 653 1741 Sevi.
684 1702 796 1740 lu.
855 1702 1147 1742 Fumariae
1186 1704 1454 1751 agrariae.

339 1822 522 1863 Pelalum
552 1821 726 1875 inferius
756 1822 928 1870 lineare,
961 1824 1209 1872 &orinatum5
1240 1825 1384 1863 carina
1415 1825 1531 1876 apice
1548 1825 1678 1876 maffia
1697 1835 1798 1876 pro-

188 1889 339 1927 minens
370 1886 527 1940 Inferna
554 1885 714 1938 [libbam
760 1886 900 1941 oflicii,
947 1888 1015 1938 qui
1058 1887 1308 1939 margyinibus
1352 1888 1600 1936 latiuseulis,
1641 1888 1798 1940 plania,

187 1964 378 1992 summum
410 1952 564 2002 cepe‘oom
595 1950 877 2002 altinyeniibns
907 1952 1104 2003 einyilur5
1142 1954 1331 2004 superius
1362 1955 1477 2004 ape'oe
1506 1965 1679 2004 superne
1707 1951 1798 2004 9ἱό-

188 2015 275 2055 bum
305 2014 437 2063 habel,
470 2016 537 2067 qui
568 2015 817 2066 maryinibas
847 2015 960 2064 lans,
1001 2018 1365 2068 patenti-resimis,
1409 2029 1602 2056 summum
1646 2018 1799 2068 amoeni

187 2078 467 2131 aitin'qenIIbus
498 2080 693 2130 0inffl'tur;
724 2081 922 2119 ‘inleriora
952 2093 977 2119 α
1007 2078 1138 2119 medio
1169 2079 1223 2119 (cd
1252 2083 1405 2132 apicem
1430 2084 1797 2129 sm·szcm0a¹1²ctala;

189 2145 392 2183 exteriora
422 2143 561 2182 Obtusa
591 2146 628 2182 et
653 2144 755 2195 flore
786 2144 987 2195 explicato
1018 2143 1066 2183 ab
1097 2144 1358 2184 InteriorIbus
1389 2147 1506 2196 aploe
1537 2143 1742 2184 sustantia.

334 2260 449 2295 Sec-tio
477 2261 560 2296 baec
592 2268 737 2297 ceterum
766 2269 816 2298 est
846 2264 982 2311 insignis
1018 2264 1175 2299 fructibus
1208 2265 1437 2312 (plerumque)
1463 2264 1660 2309 majoribus,
1694 2267 1799 2312 magis

192 2318 400 2354 tuberculatis
427 2327 457 2355 et
487 2323 700 2369 compressis.
758 2321 814 2357 Ab
838 2324 933 2370 apice
958 2324 1103 2370 petalum
1133 2323 1267 2358 inferius
1295 2325 1407 2371 incipit
1441 2323 1577 2363 distare,
1609 2323 1697 2371 quod
1728 2326 1798 2371 qui-

195 2376 268 2410 dem
298 2378 434 2413 eflicitur
462 2381 577 2426 petalis
603 2382 812 2416 interioribus
839 2383 991 2423 curvatis,
1016 2396 1080 2417 non
1110 2397 1190 2418 vero
1220 2383 1324 2417 fructu
1354 2389 1387 2417 ut
1414 2384 1442 2416 in
1470 2383 1674 2417 sectionibus
1703 2397 1799 2432 prae-

195 2435 396 2471 cedentibus.
451 2437 601 2474 l'etalum
628 2440 760 2475 inferius
788 2442 817 2475 in
847 2440 909 2475 hac
934 2443 1083 2476 sectione
1114 2442 1182 2477 sere
1207 2444 1340 2477 omnino
1369 2456 1409 2477 ex
1441 2442 1642 2489 marginibus
1680 2442 1800 2477 sorma-

196 2499 254 2533 tur,
281 2495 386 2529 carina
415 2499 518 2532 minus
548 2501 771 2545 prominente,
804 2502 834 2534 in
870 2502 1018 2535 sectione
1047 2515 1126 2536 vero
1155 2503 1266 2550 priore
1304 2503 1410 2536 carina
1441 2502 1532 2549 quasi
1561 2500 1659 2536 efficit
1698 2507 1799 2535 totum

195 2552 346 2598 petalum.

1561 2611 1607 2647 37
1620 2620 1634 2644 ι)
