2435 3188
1624 263 1700 303 127

308 372 453 422 Species
480 370 611 419 ubique
645 369 930 418 frequentissima
957 373 993 404 ct
1019 367 1187 403 omnibus
1227 368 1385 417 cognita,
1425 370 1528 416 cujus
1568 369 1754 404 varietates

167 432 338 482 quaedam
379 435 415 466 ut
451 429 613 465 diversae
640 427 781 477 species
812 427 1011 475 descriptae
1037 431 1126 462 sunt.
1181 426 1313 468 SUND.,
1342 427 1517 463 Kocums
1545 431 1579 462 et
1602 427 1754 462 WESTR.

165 503 288 527 omnes
311 493 407 525 recte
433 489 707 535 conjunxerunt.
761 485 856 522 Huic
883 485 1033 521 fortasse
1060 484 1287 532 subjicienda
1315 497 1460 534 quoque
1488 490 1542 521 est
1566 486 1629 521 Ar.
1650 486 1756 534 pala—

164 557 244 585 stris
273 549 388 584 Linn.
414 547 449 582 in
474 547 567 595 Syst.
602 545 677 581 Nat.
706 545 772 581 Ed.
805 546 859 580 10.
883 545 907 580 Ι.
932 557 964 593 p.
993 544 1065 579 623
1094 548 1129 579 et
1152 544 1219 580 Ed.
1254 545 1308 580 12.
1338 557 1369 592 p.
1403 544 1500 579 1036
1541 546 1630 592 (non
1667 556 1755 579 vero

163 608 268 643 Faun.
299 606 401 641 Suec.
430 605 495 641 Ed.
524 606 556 640 2.
585 617 618 652 p.
648 604 738 646 491,
775 616 867 652 quae
894 604 979 652 Lyc.
1009 605 1188 639 monticola
1222 603 1426 652 (Clerck.)
1469 615 1550 639 esse
1591 601 1754 650 videtur).

164 667 219 701 De
243 677 284 701 ea
313 664 473 699 videatur
499 663 596 699 infra.

387 799 444 847 sp.
476 799 529 834 19.
581 797 837 834 MIRABILIS.
866 811 899 846 p.
933 797 1013 833 108.
1040 797 1090 833 Pl.
1120 799 1151 833 5.
1180 797 1248 834 tab.
1276 800 1330 833 10.

240 890 301 920 syn.
327 888 455 915 Aranea
479 887 728 915 rufo-fasciata
750 888 787 914 De
809 887 881 914 Geor.
906 886 990 913 Mcm.
1015 886 1078 914 VII.
1101 896 1126 924 p.
1151 890 1217 915 269.
1241 887 1276 924 pl.
1303 889 1346 915 16.
1370 886 1433 923 figg.
1461 889 1543 913 1—8.

481 936 626 964 obscura
649 937 724 963 Fabr.
747 936 810 964 Eut.
835 936 906 972 Syst.
929 936 966 963 II.
988 945 1013 973 p.
1038 940 1103 964 411).

320 985 447 1022 Ocyale
470 985 646 1014 mirabilis
667 985 748 1012 Sund.
771 986 832 1012 Act.
860 985 950 1012 Holm.
978 989 1062 1013 1832.
1085 995 1110 1023 p.
1137 989 1201 1013 198.

321 1035 523 1063 Dolomedes
565 1046 578 1059 «
660 1035 743 1062 Halm.
766 1034 817 1062 Die
840 1034 956 1062 Arachn.
982 1034 1019 1062 II.
1041 1044 1066 1072 p.
1091 1038 1135 1062 35.
1160 1036 1203 1071 fig.
1230 1038 1294 1063 120.

668 1085 762 1111 Walck.
786 1084 842 1111 Ins.
864 1085 930 1120 Apt.
952 1084 973 1111 I.
997 1094 1021 1121 p.
1047 1088 1112 1112 356.

661 1135 738 1161 Koch.
762 1133 814 1160 Die
836 1133 955 1160 Aracha.
979 1133 1056 1161 XIV.
1078 1143 1103 1169 p.
1131 1137 1193 1161 107.
1217 1134 1261 1170 fig.
1288 1136 1372 1161 1346.

460 1182 712 1211 rufo-fasciata
734 1186 766 1210 id.
788 1182 852 1210 ibid.
876 1192 901 1220 p.
930 1185 994 1210 110.
1018 1183 1062 1219 fig.
1089 1185 1173 1211 1347.

459 1232 629 1260 mirabilis
655 1233 747 1259 Westr.
770 1232 831 1260 Act.
854 1231 974 1260 Gothob.
1001 1234 1084 1260 1851.
1107 1241 1132 1269 p.
1158 1236 1203 1260 54.

623 1301 804 1351 [OCYALE
832 1300 1058 1337 mirabilis
1084 1301 1289 1352 (merel-j]

321 1134 445 1171 Ocyale

310 1424 434 1471 Ocyale
460 1423 717 1471 rufo-fizscz'ata
749 1421 832 1470 (De
859 1423 1017 1470 Geer.)‚
1060 1434 1167 1471 quam
1194 1423 1371 1459 Kocflms
1399 1426 1435 1458 ut
1463 1421 1640 1457 diversam
1679 1433 1759 1470 spe·

158 1482 246 1519 ciem
274 1481 467 1531 descripsit,
496 1481 541 1517 ab
573 1482 630 1516 Oc.
655 1480 807 1516 mirabili
833 1480 1043 1530 (Clerck.)
1073 1481 1322 1517 internoscere
1361 1493 1523 1530 nequeo,
1567 1482 1670 1528 quus
1699 1492 1758 1516 va-

159 1541 265 1577 rietas
290 1540 400 1576 modo
429 1545 482 1576 est
508 1543 560 1587 (ut
587 1544 685 1576 certe
714 1540 819 1576 etiam
851 1541 907 1576 Oc.
941 1546 1080 1576 murina
1107 1539 1274 1589 Koch.).
1331 1539 1440 1585 Quod
1468 1540 1643 1577 Kocmus
1682 1539 1758 1587 ipse

159 1599 329 1648 suspicari
356 1599 504 1635 videtur.
557 1599 638 1635 Vid.
663 1599 733 1635 Die
763 1598 919 1636 Arachn.
947 1599 1044 1635 XIV.
1072 1612 1105 1648 p.
1138 1600 1207 1636 107
1235 1603 1271 1635 et
1299 1601 1379 1635 108.

878 1814 901 1848 6
928 1813 1033 1850 CAP.

898 1875 933 1908 (p.
954 1873 1021 1906 113).

360 1953 421 1993 De
450 1954 616 1994 secundo
650 1952 895 1995 saltatorum
931 1951 1103 2006 Gmere,
1134 1955 1214 1993 sive
1244 1954 1548 1997 PHALANGHS.

309 2060 456 2109 Species
484 2072 620 2103 omnes,
649 2061 695 2097 de
724 2061 854 2111 quibus
880 2061 917 2097 in
943 2060 1014 2097 hoc
1041 2062 1156 2110 capite
1184 2061 1327 2097 disserit
1350 2062 1578 2104 CLERCKIUS,
1619 2062 1664 2098 ad
1691 2062 1757 2098 Fa-

161 2121 289 2157 miliam
317 2121 521 2156 Attidarum
549 2119 680 2157 Sund.
711 2122 1028 2171 (Saltigradarum
1055 2121 1185 2170 Latr.)
1213 2120 1400 2170 pertinent.

387 2221 446 2270 Sp.
479 2224 507 2256 1.
560 2220 831 2258 HASTATUS.
859 2237 891 2271 p.
923 2221 1003 2257 115.
1032 2221 1082 2257 Pl.
1110 2221 1142 2257 5.
1172 2220 1240 2257 tab.
1270 2223 1325 2256 11.

240 2310 302 2342 Syn.
325 2309 459 2336 Aranea
481 2308 553 2346 pini
574 2310 611 2335 De
632 2310 704 2337 Geer.
727 2310 812 2337 Mem.
836 2310 900 2337 VII.
923 2319 948 2347 p.
972 2312 1039 2337 285.
1061 2308 1097 2346 pl.
1124 2312 1166 2337 17.
1190 2309 1253 2345 figg.
1279 2312 1365 2338 3-6,

322 2357 473 2385 Salticus
516 2368 529 2381 «
572 2359 654 2386 Hahn.
677 2359 728 2387 Die
750 2358 867 2387 Arachn.
892 2359 912 2386 Ι.
936 2368 960 2396 p.
986 2361 1030 2386 59.
1054 2359 1098 2395 fig.
1123 2362 1169 2386 45.

324 2407 427 2434 Attus
449 2406 542 2434 rudis
563 2407 643 2434 Szmsl.
667 2409 727 2435 Act.
750 2408 843 2435 Holm.
870 2411 954 2436 1832.
975 2418 1002 2446 p.
1025 2412 1092 2435 205.

328 2455 615 2493 Dendryphantes
637 2455 797 2485 hastatus
820 2459 897 2485 Koch.
920 2457 971 2485 Die
994 2457 1111 2485 Arachn.
1134 2457 1215 2485 XIII.
1236 2466 1261 2495 p.
1286 2460 1332 2486 81.
1355 2457 1419 2494 figg.
1446 2460 1651 2485 1145—11411.

327 2507 430 2532 Attus
705 2517 718 2531 «
820 2508 912 2534 Westr.
934 2507 996 2535 Act.
1019 2506 1140 2535 Gothob.
1166 2509 1251 2535 1851.
1273 2516 1298 2543 p.
1324 2510 1368 2534 55.

554 2579 906 2627 [DENDRYPHANTES
932 2581 955 2617 h
963 2594 984 2617 a
991 2585 1108 2618 statu
1116 2593 1133 2618 s
1157 2580 1362 2632 (Clerclc.)]
