2435 3188
1657 259 1676 278 Γ,

1654 259 1706 296 ,19

158 370 247 406 adeo
274 372 367 403 esset
396 364 520 405 vitiata,
561 369 597 399 ut
621 361 767 408 agnosci
795 374 868 396 non
897 366 1019 409 posset
1030 364 1042 396 ς’
1083 362 1278 404 Quaerenti
1318 360 1400 396 mihi
1430 367 1464 396 ot
1492 361 1757 405 diligentissimo

158 428 264 464 libros
289 423 449 461 Arabum
478 410 710 472 pervolventi,
750 420 885 456 nullum
926 419 1022 455 aliud
1059 420 1215 455 occurrit
1243 432 1395 461 nomen,
1429 419 1545 468 qnod,
1575 420 1760 456 olonnam

159 487 259 534 liujus
284 483 382 520 vocis
406 482 567 531 apprime
593 479 828 529 respondens,
857 479 1005 514 omnino
1025 478 1109 515 mihi
1137 479 1348 515 satifaceret.
1400 479 1438 514 In
1467 479 1664 514 Allirklzomless
1682 480 1759 527 qni-

158 546 236 581 dem
271 541 437 578 chronici
477 539 651 576 notissimi
690 543 794 574 sexta
823 544 922 587 parte
956 538 1088 584 (Codd.
1118 538 1250 580 Lund.,
1283 537 1402 586 Upsal.
1428 542 1463 573 et
1490 537 1626 586 Holm.)
1655 544 1757 586 capnt

156 606 281 641 exstznt
309 601 354 636 de
381 601 510 636 Amida
545 612 566 634 a
593 598 744 634 Timuro
777 602 992 647 expugnata.
1054 597 1135 633 Non
1166 598 1200 633 in
1235 596 1466 645 inseliptionc
1501 597 1612 632 modo
1642 610 1759 632 111111

157 662 258 698 tionis
286 669 378 694 ovat>
404 662 481 692 κώ·
509 666 572 692 ..xxi
599 661 653 691 ,53
680 656 746 692 sed
771 656 938 705 ubique·
931 670 962 692 m
990 661 1066 692 toto
1088 656 1171 692 loco
1195 669 1273 692 eam
1303 658 1492 692 Humidum
1517 665 1581 689 cxx
1584 672 1614 688 >
1640 657 1759 704 appe-l

159 721 211 762 lat,
241 731 345 768 quam
376 696 535 753 dissertis
561 714 682 752 verbis
712 715 864 751 affilmat
891 715 1044 751 eandem
1070 728 1151 751 esse
1186 729 1227 752 ac
1251 716 1421 752 Amidam
1450 715 1543 751 illam
1571 716 1761 764 antiquam,

161 778 264 814 hodie
314 775 509 824 Dijarbekr
556 775 785 811 nominatam.
859 775 954 810 Dicit
997 775 1089 810 enim
1129 779 1195 815 &25¹2
1241 779 1335 823 >taam
1371 779 1473 809 ovat„
1508 784 1537 807 „0
1580 779 1637 809 μω
1674 775 1694 810 i.
1729 789 1758 810 ι.

157 839 307 873 «Amida
334 848 426 884 quae
452 834 562 884 vulgo
588 835 743 870 Humida
769 833 899 870 audit.»
956 834 1136 882 Aspiratio
1166 834 1255 870 lenis
1283 834 1314 870 iu
1347 834 1532 870 fortiorem
1568 840 1698 870 mutata
1727 836 1758 870 in

156 896 302 946 regione
328 899 496 930 montana
523 906 581 930 res
609 894 749 930 insolita
777 906 849 929 non
878 897 948 933 est;
976 898 1010 929 et
1037 894 1066 929 si
1088 893 1163 929 talis
1192 893 1338 930 mutatio
1361 895 1435 941 jam
1449 893 1595 929 saeculo
1611 894 1758 939 Hidirae

152 956 253 992 tertio
280 955 315 990 in
344 966 446 990 usum
478 954 624 995 venerit,
652 953 687 989 in
715 965 825 988 numo
854 957 979 988 nostro
997 953 1151 988 Amidae
1167 965 1301 989 nomen
1326 952 1423 989 hand
1451 953 1616 989 dubitans
1632 953 1759 1003 legam.

154 1015 236 1051 Scio
264 1013 409 1063 quidem
436 1012 506 1048 hoc
534 1025 625 1049 aevo
664 1012 866 1054 dirhemos,
898 1011 933 1047 in
961 1012 1050 1047 urbe
1088 1012 1244 1048 Amidae
1275 1013 1401 1054 editos,
1442 1025 1586 1061 semper
1627 1026 1760 1049 nomen

156 1077 263 1112 Amia'
285 1078 342 1108 »λεὶ
369 1073 538 1122 scriptum
566 1072 710 1108 offerre.
764 1072 813 1107 At
840 1070 930 1107 haec
961 1071 1108 1107 variatio
1137 1072 1254 1108 minus
1280 1085 1337 1108 me
1366 1072 1530 1113 offendit,
1561 1085 1665 1121 quam
1696 1073 1761 1107 dn-

155 1134 284 1176 bitatio,
313 1136 431 1168 utrum
459 1131 655 1168 dominatio
680 1130 990 1167 lkhschididarum
1019 1144 1188 1180 umquam
1223 1136 1292 1167 tam
1321 1132 1389 1168 late
1417 1132 1451 1167 in
1479 1132 1761 1180 septentrionem

151 1194 193 1229 sit
216 1198 389 1242 porrecta,
412 1196 448 1228 ut
467 1191 638 1228 Amidam
657 1190 944 1239 amplecteretur.
987 1188 1041 1225 Ne
1069 1191 1288 1236 conjecturis
1302 1204 1378 1227 rem
1398 1191 1627 1228 incertiorem
1656 1192 1760 1227 etiam

152 1252 292 1294 faciam,
325 1254 358 1287 in
389 1253 463 1299 jam
505 1251 585 1287 data
622 1250 863 1299 explicatione
902 1249 1208 1298 acquiescendum
1247 1255 1352 1299 puto,
1391 1251 1543 1287 aliorum
1578 1251 1758 1301 sagacitati

152 1323 296 1346 numum
325 1310 559 1353 committens,
588 1322 696 1359 quem
721 1309 756 1345 in
785 1309 873 1345 Tab.
901 1309 942 1350 II,
974 1310 1017 1344 14
1046 1310 1199 1346 fideliter
1225 1310 1439 1346 delineatam
1469 1310 1562 1347 dedi.
