2435 3188
1679 260 1732 301 6³7

333 355 460 404 Operis
483 354 588 403 hujus
613 356 714 392 PARS
744 367 861 393 pmcn
887 360 941 392 est
966 359 1023 393 De
1048 358 1199 394 Araneis
1225 364 1261 394 in
1286 373 1417 406 genere,
1444 361 1546 399 PARS
1573 375 1785 404 Posrmuon

190 418 243 452 De
267 416 482 451 Araneorum
508 419 543 450 in
569 420 720 461 agmina,
748 416 878 457 classes,
903 430 1032 463 genera
1057 425 1091 453 et
1115 423 1240 466 species
1264 419 1430 455 divisione.
1473 420 1513 456 In
1545 422 1630 472 Cap.
1645 425 1669 459 I
1678 423 1784 472 hujus

184 473 288 523 partis
328 473 542 523 «agminum,
585 472 748 509 classium
789 477 825 509 et
866 485 1065 523 generum»
1108 474 1380 524 dispositionem
1418 478 1632 527 reperimus;
1662 490 1785 531 species

181 536 296 568 autem
323 531 529 568 describere
551 531 756 581 aggreditur
783 532 994 570 CLERCKIUS
1020 533 1057 570 in

908 625 930 659 2
960 624 1064 660 CAP.

924 683 960 718 (p-
982 684 1029 716 17·)

409 739 470 778 De
521 741 680 778 {etism-iis
708 742 826 793 primi
859 739 1044 792 Generis,
1075 743 1154 780 sive
1189 740 1229 778 V
1227 757 1544 786 ERTICALIBUS·

321 818 458 854 Omnes
493 817 528 853 in
568 816 638 853 hoc
682 817 805 866 Capite
836 817 1036 866 descriptae
1077 818 1218 867 species
1244 818 1290 855 ad
1316 819 1501 856 Familiam
1531 822 1779 872 Epeiridarum

174 876 304 913 Sund.
357 876 607 924 (Orbitelarum
633 877 762 926 Latr.)
796 876 981 926 pertinent.
1035 876 1194 913 Primum
1219 877 1341 914 locum
1366 878 1518 916 obtinuit

334 973 393 1022 Sp.
425 975 441 1007 1
471 972 632 1007 Araneus
661 970 965 1007 ANGULATUS.
992 983 1024 1019 p.
1054 971 1112 1006 22.
1140 969 1190 1006 Pl.
1223 972 1251 1007 l.
1278 971 1348 1008 tab.
1379 973 1409 1007 1.
1446 972 1526 1022 figg.
1560 974 1663 1010 1-3.

170 1048 332 1080 Synouyma:
355 1047 508 1074 Araneus
531 1045 687 1081 virgatus
709 1046 802 1072 Clerclc.
825 1055 849 1082 p.
874 1048 918 1073 41.
941 1044 976 1082 pl.
1004 1049 1026 1072 2.
1049 1045 1104 1073 tab.
1130 1051 1153 1073 2.

352 1096 484 1123 Aranea
506 1095 671 1132 angulata
695 1096 767 1122 Lirin.
789 1095 859 1131 Syst.
884 1095 948 1122 Nat.
972 1094 1022 1122 Ed.
1049 1098 1091 1122 10.
1114 1095 1135 1122 Ι.
1158 1104 1183 1132 p.
1208 1098 1278 1129 6203
1307 1095 1357 1124 Ed.
1384 1098 1427 1124 12.
1450 1106 1475 1134 p.
1502 1100 1587 1126 1031.

580 1155 594 1169 «
685 1147 718 1171 id.
742 1144 827 1171 Faun.
850 1144 925 1171 Suec.
949 1143 998 1172 Ed.
1020 1147 1048 1172 2.
1070 1153 1094 1181 p.
1119 1147 1184 1171 487.

580 1204 593 1218 «
691 1195 728 1220 De
750 1194 821 1220 Geor.
845 1193 929 1221 Mem.
952 1193 1016 1220 VH.
1039 1203 1064 1230 p.
1089 1196 1141 1221 221
1167 1193 1207 1221 Pl.
1234 1196 1278 1221 12.
1301 1194 1346 1231 fig.
1373 1197 1477 1223 1—15.

693 1243 769 1270 Fabr.
792 1242 856 1269 Eut.
878 1243 949 1279 Syst.
972 1242 1009 1270 II.
1031 1252 1056 1280 p.
1080 1245 1146 1270 414.

350 1293 473 1330 Epeira
501 1292 667 1329 angulata
694 1293 775 1319 Sund.
799 1293 861 1319 Act.
887 1291 978 1320 Holm.
1007 1294 1090 1319 1832.
1113 1301 1138 1329 p.
1162 1295 1228 1320 234.
1251 1292 1372 1329 (pullulis
1394 1295 1531 1332 exceptis).

691 1343 768 1368 Koch.
791 1341 842 1369 Die
866 1340 983 1368 Arachn.
1005 1340 1055 1368 XI.
1078 1350 1102 1378 p.
1127 1343 1172 1369 77.
1195 1342 1240 1378 fig.
1264 1345 1432 1371 892—895.

577 1402 590 1416 «
693 1393 784 1418 lVestr.
808 1390 868 1418 Act.
892 1390 1013 1418 Gothob.
1040 1393 1123 1418 1851.
1145 1400 1170 1427 p.
1195 1394 1240 1419 33.

653 1452 819 1503 [EPEIRA
844 1451 1059 1501 angulata
1084 1451 1289 1503 (Clerclc.)]

312 1590 536 1638 Quamquam
571 1601 637 1637 per
672 1601 838 1638 magnam
871 1593 1008 1637 partem
1034 1589 1205 1638 Europae
1232 1589 1410 1638 reperitur
1436 1590 1657 1631 nobilissima
1684 1595 1772 1633 haec

163 1649 319 1697 species,
348 1661 439 1697 quae
467 1661 549 1684 cum
575 1650 710 1698 Epeira
734 1650 931 1684 diademata
959 1647 1163 1696 (Clerck.)
1178 1648 1336 1685 maxima
1347 1649 1598 1698 Epeiridarum
1618 1653 1770 1692 Sueciae

163 1713 231 1750 est,
259 1712 392 1744 tantum
419 1711 537 1743 tamen
564 1707 680 1750 abest,
716 1712 753 1744 ut
785 1708 926 1757 penitus
952 1707 1095 1756 cognita
1123 1707 1167 1743 sit
1198 1711 1233 1743 et
1259 1720 1279 1744 a
1305 1707 1374 1744 sibi
1401 1709 1575 1747 similibus
1605 1719 1771 1751 accurate

163 1767 338 1809 distincta,
372 1770 408 1802 ut
437 1779 572 1815 paucae
611 1767 755 1816 quidem
793 1766 932 1815 species
968 1766 1200 1809 inveniantur,
1233 1766 1278 1803 de
1305 1767 1436 1816 quibus
1463 1773 1532 1805 tam
1557 1770 1700 1808 difficile
1727 1774 1770 1810 sit

162 1826 374 1874 dijudicare,
401 1825 530 1875 quibus
556 1825 761 1862 nominibus
786 1825 821 1861 in
845 1825 1060 1874 scriptorum
1087 1825 1186 1862 libris
1212 1826 1444 1875 appellentur,
1467 1828 1541 1871 vel,
1562 1842 1672 1879 quum
1692 1832 1769 1880 plu-

161 1885 259 1921 ribus
286 1884 382 1920 idem
410 1896 541 1920 nomen
564 1884 712 1920 inditum
739 1884 799 1926 sit,
826 1897 1001 1934 quaenam
1028 1897 1073 1920 eo
1096 1885 1243 1921 nomine
1273 1890 1372 1922 recte
1401 1889 1599 1936 nuncupari
1626 1889 1765 1927 debeat.

159 1945 204 1980 Et
230 1943 421 1992 descriptio
446 1948 481 1979 et
514 1944 667 1993 figurae,
706 1957 794 1993 quas
827 1943 925 1980 dedit
951 1944 1180 1986 CLERCKms,
1203 1948 1275 1980 tam
1302 1944 1423 1981 bonae
1448 1951 1544 1988 sunt,
1574 1953 1612 1984 ut
1632 1949 1766 1985 nullum

162 2004 207 2039 de
237 2002 302 2039 hac
328 2002 448 2051 specie
474 2002 619 2038 dubium
645 2002 849 2052 relinquere
878 2003 1080 2045 videantur;
1105 2002 1171 2039 sed
1196 2006 1271 2038 tum
1299 2003 1402 2040 valde
1417 2005 1527 2041 variat
1540 2006 1642 2043 color
1656 2007 1766 2056 ipsius

162 2064 230 2111 Ep.
268 2063 471 2109 angulatae,
510 2066 584 2097 tum
625 2061 658 2097 in
696 2062 771 2098 aliis
806 2062 977 2110 Europae
1010 2061 1170 2111 partibus
1197 2061 1286 2098 aliae
1314 2062 1542 2100 inveniuntur
1567 2066 1708 2114 species
1734 2073 1769 2103 et

158 2121 272 2168 figura
298 2125 333 2157 et
356 2120 480 2156 colore
508 2120 541 2156 ei
569 2120 781 2163 simillimae;
814 2121 944 2170 quibus
972 2120 1081 2156 rebus
1115 2120 1275 2162 efficitur,
1302 2125 1340 2157 ut
1369 2121 1613 2159 difficillimum
1643 2125 1700 2167 sit,
1729 2126 1764 2162 in

160 2168 326 2216 omnibus
352 2179 406 2215 his
430 2179 553 2215 formis
581 2192 705 2215 verum
729 2179 891 2216 invenire
912 2192 1129 2228 erroresque
1157 2179 1276 2215 vitare.
1320 2180 1456 2216 Omnes
1483 2181 1628 2229 quidem
1652 2184 1764 2233 scrip-

157 2244 255 2275 tores
285 2245 415 2280 szzecici,
440 2238 499 2287 qui
527 2238 572 2274 de
606 2237 671 2274 hac
703 2250 833 2274 aranea
862 2238 1082 2274 mentionem
1108 2238 1287 2280 fecerunt,
1315 2238 1467 2274 eandem
1494 2241 1652 2288 speciem
1680 2248 1761 2279 ante

159 2297 284 2334 oculos
310 2296 527 2339 habuerunt,
555 2309 639 2338 nee,
663 2297 693 2333 si
721 2297 1023 2334 SUNDEVALLIUM
1055 2298 1262 2346 exceperis,
1283 2298 1342 2347 qui
1356 2298 1510 2346 pullulos
1531 2301 1601 2350 Ep.
1618 2301 1764 2339 bicornis

158 2355 319 2391 Walck.
350 2369 495 2405 quoque
521 2356 588 2392 sub
612 2357 757 2392 nomine
780 2358 849 2406 Ep.
874 2359 1064 2404 angulatae
1097 2356 1302 2406 descripsit,
1331 2357 1436 2393 ullam
1461 2358 1564 2394 aliam
1587 2361 1760 2410 speciem⁵

159 2413 375 2451 «tuberculis
403 2414 667 2451 humeralibus»
697 2415 731 2451 in
758 2415 952 2452 abdomine
979 2415 1185 2465 praeditam,
1213 2416 1430 2466 cognovisse
1456 2417 1638 2460 videntur;
1666 2424 1700 2456 at
1714 2420 1759 2457 ab

155 2478 305 2508 externis
347 2473 580 2521 scriptoribus
623 2486 732 2522 saepe
770 2474 860 2510 haec
896 2475 1037 2524 species
1072 2487 1154 2510 cum
1194 2475 1461 2525 congeneribus
1502 2477 1654 2514 confusa
1695 2484 1757 2522 est,

157 2530 298 2567 Kocnn
326 2536 445 2567 tamen
479 2531 670 2580 descriptio
705 2537 740 2568 et
770 2533 906 2582 figurae
935 2533 1044 2582 (loco,
1073 2546 1180 2583 quem
1205 2546 1312 2583 supra
1337 2534 1560 2585 scripsimus)
1587 2549 1708 2573 veram
1725 2543 1760 2573 et

158 2589 336 2625 suecicam
373 2590 412 2626 E.
452 2591 650 2639 angulatam
684 2596 966 2639 repraesentant,
1002 2593 1101 2642 quod
1136 2593 1241 2629 etiam
1282 2594 1326 2630 de
1353 2594 1497 2631 HAnun
1522 2594 1644 2643 specie
1672 2596 1758 2643 (Die
