2435 3188
347 771 858 832 MONOGRAPHIAE
911 764 1577 828 ANDROPOGONEARUM

950 901 988 941 1.

729 1050 1203 1096 ANTHISTIRIEAE.

609 1195 757 1215 AUCTORE
785 1184 840 1218 Ν.
867 1185 913 1218 J.
942 1178 1331 1216 ANDERSSON.

173 1388 256 1452 Qui
296 1408 482 1441 auctorum
527 1404 771 1441 recentiorum
813 1404 929 1440 varias
972 1402 1166 1440 methodos
1208 1399 1420 1437 Graminum
1466 1393 1779 1445 disponendorum

172 1468 301 1501 attente
328 1463 532 1513 perlustrat,
560 1463 597 1500 id
620 1463 786 1500 facillime
819 1463 888 1500 sibi
920 1474 1134 1512 persuasum
1156 1459 1329 1506 habebit,
1363 1456 1548 1494 scientiam
1588 1452 1779 1490 amabilem

171 1523 362 1573 speciebus
399 1524 502 1559 novis
543 1523 730 1572 descriptis
768 1527 866 1559 certe
906 1521 1052 1572 quidem
1080 1519 1238 1561 extendi,
1276 1530 1352 1554 non
1378 1521 1498 1552 autem
1524 1518 1597 1551 tute
1624 1511 1781 1549 stabiliri.

172 1582 282 1619 Multa
308 1582 484 1618 decennia
505 1584 581 1630 jam
608 1586 688 1618 ante
716 1582 958 1631 praeterlapsa
983 1585 1073 1622 sunt,
1103 1592 1209 1629 quam
1237 1578 1330 1614 inter
1354 1589 1394 1612 se
1410 1576 1659 1611 convenerunt
1675 1583 1781 1621 agro-

174 1641 364 1692 stographi,
403 1654 490 1690 quas
531 1647 650 1690 partes
677 1641 901 1689 potissimum
929 1640 974 1677 ad
1001 1640 1143 1689 species
1181 1635 1448 1687 dignoscendas
1476 1633 1685 1682 seligerent3
1712 1642 1780 1666 nec

173 1701 210 1737 id
235 1701 326 1736 inter
352 1713 477 1737 omnes
501 1713 596 1736 nunc
621 1700 766 1750 quidem
794 1700 967 1749 temporis
993 1699 1076 1736 satis
1104 1702 1251 1739 constat,
1281 1695 1412 1745 quibus
1439 1691 1646 1730 nominibus
1663 1693 1781 1738 partes

176 1760 318 1796 florales
344 1759 542 1806 graminum
570 1759 758 1809 appellent,
781 1772 942 1809 quasque
980 1758 1184 1794 functiones
1219 1757 1261 1792 iis
1286 1755 1486 1791 attribuant.
1542 1752 1626 1796 Quo
1650 1749 1782 1784 factum

176 1823 238 1860 est,
266 1826 302 1854 ut
316 1817 371 1854 hie
386 1818 477 1860 folia,
504 1818 562 1855 ille
577 1820 695 1861 flores,
723 1818 780 1854 hic
795 1819 968 1867 calycem,
997 1818 1055 1853 ille
1074 1816 1256 1857 corollam,
1274 1815 1331 1851 hic
1348 1811 1594 1863 perianthium,
1624 1808 1682 1844 ille
1709 1806 1782 1842 val-

175 1877 274 1913 vulas
300 1877 357 1913 vel
383 1877 520 1926 glumas
545 1878 602 1914 vel
629 1878 749 1927 paleas
768 1878 824 1914 vel
851 1877 1055 1927 squamulas
1080 1889 1109 1912 e.
1137 1889 1164 1912 s.
1193 1888 1225 1924 p.
1253 1872 1499 1921 descripserim
1538 1868 1635 1905 unde
1677 1866 1782 1902 etiam

178 1936 338 1985 profecta
365 1935 551 1972 difficultas
579 1937 805 1973 definitiones
834 1936 1084 1972 botanicorum
1107 1933 1318 1984 praesertim
1343 1936 1506 1968 veterum
1522 1928 1617 1964 clare
1633 1931 1668 1963 et
1684 1929 1782 1962 certe

178 1995 337 2032 eruendi.
390 1996 543 2032 Accedit
570 1996 678 2045 quod,
709 1997 833 2033 saltem
861 1995 983 2045 quoad
1010 1994 1184 2045 gramina,
1214 1997 1340 2029 auctor
1367 2002 1459 2027 unus
1487 1987 1655 2037 quisque,
1684 1985 1783 2033 plan-

178 2059 230 2091 tas
255 2067 367 2090 novas
389 2067 409 2090 e
437 2055 586 2105 regione
613 2068 708 2092 nova
732 2056 786 2092 vel
814 2059 918 2092 antea
944 2054 1060 2090 minus
1086 2053 1182 2089 bene
1209 2051 1351 2100 cognita
1383 2047 1613 2088 describens,
1642 2043 1783 2093 species

178 2126 260 2150 suas
285 2117 322 2149 ut
342 2113 445 2162 plane
468 2127 581 2150 novas
605 2113 817 2164 plerumque
842 2113 1046 2163 proposuit,
1084 2111 1182 2148 nullo
1211 2110 1267 2147 vel
1291 2110 1415 2146 saltem
1444 2107 1583 2143 minore
1614 2106 1783 2151 respectu

179 2173 223 2209 ad
251 2172 564 2209 determinationes
591 2174 877 2210 antecedentium
904 2172 1036 2209 habito.

328 2274 506 2322 Exempla
521 2275 695 2324 permulta
710 2275 870 2325 inprimis
894 2273 1043 2323 praebet
1068 2272 1181 2308 tribus
1209 2272 1573 2319 Arzdropogonearum,
1601 2278 1621 2300 e
1646 2274 1782 2313 genere

182 2331 240 2367 illo
266 2333 465 2368 vastissimo
494 2335 742 2384 Andropogmr,
781 2341 863 2384 post
901 2334 1098 2369 Linnaeum
1135 2331 1225 2366 ultra
1253 2329 1402 2365 modum
1440 2330 1562 2367 aucto,
1602 2336 1670 2359 nec
1709 2334 1783 2358 non

184 2389 341 2436 pluribus
366 2391 439 2427 aliis
466 2398 500 2428 et
525 2393 723 2430 minoribus
751 2394 949 2429 constituta.
1006 2392 1239 2439 Amlropogon
1267 2388 1401 2424 formas
1428 2395 1642 2422 numerosas
1666 2381 1782 2422 habet,

186 2460 276 2496 quae
302 2451 571 2500 pervestigatori
609 2453 760 2501 partium
799 2452 976 2489 floralium
1015 2454 1183 2486 accurato
1219 2447 1298 2497 typi
1337 2444 1576 2494 complurium
1608 2451 1783 2492 generum

186 2506 279 2543 bene
304 2508 546 2546 distinctorum
571 2516 653 2547 sunt
678 2511 843 2548 habendi.
909 2513 960 2547 At
986 2521 1161 2560 generum
1191 2507 1249 2543 illa
1281 2506 1462 2542 minorum
1500 2506 1643 2538 caterva
1679 2498 1785 2535 talem

188 2566 438 2602 scrutationem
464 2580 537 2604 non
564 2570 701 2617 patitur.
765 2571 942 2619 Pleraque
971 2581 1098 2605 eorum
1128 2573 1200 2604 tam
1239 2577 1366 2616 parum
1400 2563 1493 2600 inter
1526 2573 1567 2598 se
1603 2559 1786 2598 differunt,

189 2628 226 2659 ut
251 2625 475 2664 commodius
495 2632 530 2662 et
555 2628 674 2663 verius
699 2628 734 2664 in
760 2641 875 2676 pauca
900 2627 1115 2678 redigantur.

1590 2685 1637 2719 29
