2355 3204
656 269 739 309 386

612 375 745 424 optime
776 374 942 410 conseras
971 387 1052 410 cum
1078 374 1267 423 Ulphilano
1293 375 1337 410 til
1359 375 1415 410 vel
1443 377 1552 422 gatil,
1582 389 1629 412 ex
1657 376 1837 423 adjectivo
1855 378 1975 423 gatils,
2002 387 2227 427 opportunus,

610 444 724 483 aptus.
756 457 804 462 —
833 434 1100 481 Arbiwganofiu,
1132 433 1232 483 quod
1261 433 1431 482 sequitur,
1461 447 1509 470 ex
1550 435 1718 470 omnibus
1758 435 1997 484 inscriptionis
2040 436 2226 472 vocabulis

610 492 852 528 difficillimam
884 492 991 528 habet
1018 492 1306 541 explicationem.
1375 492 1493 528 Litera
1527 508 1564 534 a,
1606 494 1794 541 posterior,
1836 499 1909 530 tota
1945 495 2064 542 periit;
2105 500 2224 531 tamen

609 552 675 588 alia
703 552 879 601 quaedam
909 552 970 587 vix
996 551 1069 587 fuit.
1124 552 1275 587 Ceterae
1303 550 1426 587 literae
1453 550 1560 599 hujus
1585 551 1767 592 vocabuli,
1796 552 1895 601 quod
1923 565 1989 601 pro
2019 554 2223 602 composito

608 610 736 653 habeo,
766 616 865 646 certo
893 611 1068 661 leguntur.
1122 610 1196 646 Sed
1229 610 1324 645 unde
1354 609 1535 646 derivatur
1567 616 1653 655 nolae
1679 610 1779 651 illud,
1809 611 1908 660 quod
1933 612 2083 648 alterum
2125 626 2224 649 com-

607 670 794 719 positionis
822 670 941 706 locum
970 671 1089 706 tenet?
1125 669 1268 705 Nullum
1297 669 1527 705 derivationis
1563 668 1699 704 fontem
1740 669 1913 717 aptiorem
1946 671 2081 712 inveni,
2117 685 2223 721 quam

608 728 831 778 Ulpllilanuln
865 729 951 765 illud
990 735 1112 773 villan,
1153 735 1236 773 nal),
1277 734 1412 773 welfum,
1448 734 1588 773 wilmus,
1631 730 1869 775 σινλλαμβάτ·ειν,
1910 732 2091 777 adjurare,
2128 731 2225 767 unde

607 793 693 831 ποίη(
721 788 755 823 vi
780 788 879 823 vocis
907 793 962 823 est
996 790 1239 832 adjumentum.
1303 787 1414 834 Cujus
1449 792 1567 823 autem
1596 786 1742 836 generis
1783 790 1837 822 est
1875 786 1991 824 hocce
2030 793 2144 834 volu?
2183 790 2224 826 Si

606 847 766 883 neutrius
793 847 946 896 generis,
975 853 1049 882 tum
1077 847 1210 894 optime
1236 846 1401 894 congruit
1429 858 1510 881 cum
1536 845 1715 893 adjectivo
1744 846 1796 881 tel.
1849 845 1983 882 Neutra
2009 854 2127 884 autem
2152 856 2223 885 ter—

606 906 674 942 tiae
703 905 907 942 Gothorum
936 905 1183 941 declinationis
1212 905 1426 954 paucissima
1464 910 1564 946 sunt,
1594 904 1667 940 duo
1703 909 1837 940 tantum
1865 905 1922 941 vel
1965 905 2117 944 fortasse
2145 909 2219 945 tria.

605 966 692 1001 Jure
719 965 826 1014 igitur
851 978 892 1000 ac
919 964 1046 1000 merito
1076 963 1311 1005 dubitaveris,
1338 976 1421 999 num
1449 976 1564 1013 genus
1592 969 1759 999 neutrum
1786 963 1868 999 huic
1892 964 2070 1001 vocabulo
2099 973 2219 1016 aptum

604 1024 656 1060 sit.
713 1026 839 1060 Genus
868 1023 1075 1058 temininum
1101 1025 1199 1070 (nam
1223 1022 1268 1057 de
1297 1023 1494 1058 masculino
1521 1021 1592 1057 hoc
1617 1022 1700 1057 loco
1724 1023 1847 1071 quaeri
1873 1035 1947 1058 non
1972 1030 2107 1074 potest)
2136 1027 2218 1062 mihi

606 1083 718 1133 magis
746 1082 874 1123 arrisit,
906 1082 1001 1118 unde
1031 1081 1134 1117 etiam
1162 1094 1234 1117 non
1264 1083 1323 1123 tel,
1362 1081 1428 1117 sed
1461 1083 1544 1122 tela,
1585 1081 1723 1117 literam
1750 1096 1772 1116 ιι
1799 1086 1979 1118 mutuatus
2005 1095 2025 1118 a
2055 1086 2219 1134 sequenti

604 1142 784 1178 vocabulo
820 1142 853 1176 in
890 1141 972 1177 loco
1007 1140 1199 1176 emendato
1231 1141 1345 1189 posui.
1412 1141 1471 1176 Sic
1499 1140 1593 1176 enim
1623 1152 1695 1176 non
1731 1140 1847 1176 solum
1877 1141 2115 1185 derivatione,
2153 1144 2219 1180 sed

604 1202 709 1237 etiam
736 1213 871 1250 genere
899 1205 933 1236 et
961 1199 1234 1249 quodammodo
1263 1199 1367 1235 etiam
1389 1199 1649 1249 significatione
1677 1198 1793 1235 hocce
1820 1206 1905 1244 nolu
1935 1212 2017 1236 cum
2040 1201 2217 1239 Norraeno

603 1264 677 1302 mid,
706 1267 839 1307 gratia,
870 1259 1071 1307 comparari
1103 1263 1230 1307 potest.
1285 1258 1380 1303 Quid
1408 1259 1502 1294 enim
1533 1263 1587 1294 est
1610 1258 1722 1307 gratia
1748 1258 1859 1300 aliud,
1899 1271 2004 1308 quam
2034 1260 2217 1308 quoddam

602 1319 795 1367 adjuvandi
823 1320 958 1368 genus?
1001 1319 1059 1354 De
1088 1317 1307 1353 nominativo
1335 1325 1421 1363 nolae
1451 1317 1543 1353 illius
1582 1317 1666 1353 nihil
1709 1317 1852 1353 scimus.
1915 1317 2039 1354 Fuerit
2064 1319 2218 1356 fortasse

602 1385 721 1424 volsus:
750 1383 823 1414 tum
851 1377 947 1426 apud
970 1377 1145 1426 Ulphilam
1172 1384 1295 1422 napus,
1324 1381 1455 1412 mutata
1484 1376 1616 1418 vocali,
1645 1376 1798 1412 fortasse
1826 1376 1898 1412 fuit.
1952 1377 2027 1412 Sed
2058 1377 2087 1413 si
2113 1378 2218 1414 fuerit

602 1445 697 1484 nolas,
734 1444 807 1473 tum
846 1438 950 1472 etiam
985 1436 1223 1472 declinatione
1258 1449 1339 1471 cum
1383 1435 1559 1472 Norraeno
1587 1435 1647 1471 illo
1676 1438 1758 1477 mh),
1789 1435 1886 1485 quod
1918 1435 2013 1484 apud
2041 1435 2215 1485 Ulphilam

600 1498 694 1534 foret
722 1503 813 1541 steps,
841 1508 888 1530 ex
916 1499 1014 1543 parte
1042 1495 1215 1545 congruit,
1262 1508 1342 1531 nam
1377 1500 1413 1531 ut
1447 1495 1586 1543 plenius
1613 1494 1703 1530 haec
1731 1494 1908 1530 vocabula
1936 1494 2028 1530 inter
2055 1508 2095 1531 se
2128 1508 2216 1531 con-

600 1561 737 1602 gruant,
767 1554 919 1590 concedi
943 1567 1015 1590 non
1044 1560 1176 1602 potest,
1214 1554 1280 1590 nisi
1307 1555 1336 1590 si
1365 1554 1443 1604 quis
1471 1554 1640 1603 largiatur
1665 1553 1882 1589 vocabulum
1913 1556 1980 1589 mio
2009 1566 2089 1589 cum
2121 1554 2214 1597 aliis,

601 1605 693 1665 quae
721 1614 796 1663 pari
823 1626 930 1662 passu
957 1613 1154 1655 ambulant,
1180 1626 1199 1649 a
1227 1614 1305 1649 trita
1328 1614 1384 1649 via
1400 1625 1670 1662 nonnumquam
1700 1613 1746 1648 ita
1772 1612 1971 1654 aberrasse,
2005 1618 2042 1648 ut
2068 1626 2215 1650 accusa<

598 1676 690 1711 tivus
715 1674 874 1722 ipsorum
902 1673 1080 1708 interdum
1106 1673 1141 1708 in
1171 1688 1192 1708 u
1221 1673 1376 1708 desierit.
1432 1673 1620 1722 Utcunque
1648 1676 1710 1714 est,
1741 1671 1872 1707 certius
1899 1671 2104 1721 quidquam,
2140 1685 2214 1722 quo

599 1734 655 1769 hic
693 1733 795 1770 locus
837 1732 1045 1780 explicetur,
1087 1745 1159 1767 non
1198 1732 1334 1774 inveni,
1373 1744 1478 1780 quam
1515 1739 1618 1777 wistan
1654 1731 1756 1773 illud,
1791 1732 1895 1778 cujus
1932 1730 2107 1767 rationein
2135 1733 2211 1780 jam

600 1792 764 1841 exposui.

749 1862 780 1896 3.
834 1862 952 1907 Ingom
995 1861 1158 1901 dohmm,
1190 1860 1209 1895 i.
1241 1873 1270 1895 e.
1305 1859 1399 1909 lngis
1427 1858 1577 1896 filiabus.
1649 1857 1804 1895 Gothice
1832 1857 1929 1894 soret
1955 1858 2075 1906 I'ggom
2102 1860 2211 1896 daule-

598 1931 699 1957 trnm.
755 1921 916 1955 Doletrim
941 1919 1027 1955 illud
1053 1919 1302 1954 terminatione
1340 1918 1518 1967 antiquius
1556 1930 1637 1954 esse
1664 1917 1813 1958 videtur,
1850 1929 1956 1966 quam
1984 1918 2209 1967 Ulphilanum

596 1981 793 2016 [laellitrmn.
848 1977 983 2014 Confer
1007 1978 1224 2014 Salisel'itum
1252 1977 1490 2024 (lullilriblljas.

746 2071 777 2104 4.
834 2069 1000 2109 Daedzm,
1038 2066 1240 2115 Anglosax.
1269 2069 1385 2103 (ἠρόθη
1414 2066 1580 2114 (didon),
1614 2071 1682 2101 vet.
1712 2066 1835 2100 Germ.
1878 2068 1994 2107 thtun,
2024 2068 2206 2113 fecerunt.

594 2129 633 2164 In
662 2126 799 2176 Ulphila
827 2129 936 2162 dedan
963 2138 1036 2162 non
1061 2125 1190 2175 legitur
1214 2126 1281 2162 nisi
1309 2125 1529 2174 composite,
1559 2137 1616 2160 ex.
1646 2137 1675 2159 c.
1707 2126 1901 2160 tavidedun.
1958 2125 2078 2168 Quum
2106 2125 2207 2161 litera

594 2203 610 2221 e
638 2186 707 2222 hoc
733 2186 816 2221 loco
832 2185 988 2221 mutilata
1005 2184 1065 2227 sit,
1094 2183 1283 2221 Munchius
1309 2185 1413 2221 etiam
1438 2183 1627 2233 proposuit
1654 2185 1812 2225 (Iulidem,
1841 2182 1940 2232 quod
1967 2196 2039 2232 quo
2068 2184 2206 2225 tendat,

595 2246 801 2293 perspicere
827 2257 898 2279 non
926 2256 1085 2292 possum.

743 2336 775 2370 5.
831 2336 912 2370 Anu
936 2336 1112 2371 Jf'ocluricle.
1133 2341 1258 2371 staina.
1276 2335 1296 2370 i.
1314 2347 1343 2370 e.
1371 2333 1405 2370 in
1426 2332 1624 2369 Voduridis
1653 2331 1781 2381 lapide.
1837 2333 1920 2376 Quo
1946 2331 1980 2366 in
2006 2331 2089 2367 loco
2117 2331 2204 2380 lapi-

593 2394 645 2429 dis
677 2394 787 2430 incisa
822 2394 884 2429 suit
917 2393 1151 2442 praepositio,
1188 2405 1261 2429 non
1290 2397 1475 2429 remanent
1502 2392 1567 2427 nisi
1596 2397 1763 2439 quattuor
1790 2390 1962 2426 linearum
1990 2390 2152 2439 vestigia,
2183 2404 2203 2426 e

592 2452 721 2501 quibus
748 2452 830 2488 nihil
856 2452 951 2488 aliud
984 2465 1112 2487 eruere
1139 2452 1238 2500 potui
1265 2451 1331 2487 nisi
1357 2466 1427 2486 amc
1454 2450 1556 2491 illud,
1586 2450 1685 2498 quod
1712 2462 1778 2497 pro
1806 2464 1875 2484 ana
1903 2448 2075 2484 variatum
2104 2454 2201 2497 putO.

592 2514 718 2546 Cetera
749 2512 939 2559 perspicue
962 2511 1143 2560 leguntur:
1172 2515 1343 2558 punctum
1369 2516 1504 2551 autem,
1533 2514 1614 2557 post
1647 2509 1815 2543 Voduride
1841 2507 2009 2549 incisum,
2038 2521 2111 2543 non
2140 2520 2202 2543 cu-

590 2569 740 2604 randum
770 2577 832 2611 est,
863 2576 984 2605 contra
1008 2582 1094 2604 vero
1124 2569 1222 2604 litera
1250 2586 1265 2603 s
1290 2581 1338 2603 ex
1365 2567 1530 2616 sequenti
1557 2573 1681 2609 staina,
1707 2566 1887 2602 vocabulo
1916 2578 2004 2614 pure
2033 2566 2198 2607 Gothico,

591 2628 695 2665 etiam
725 2628 769 2663 ad
796 2628 1014 2664 antecedens
1040 2627 1256 2662 vocabulum
1289 2632 1341 2662 est
1366 2626 1564 2662 reserenda.
1618 2625 1857 2661 Accusativus
1886 2625 1981 2661 enim
2009 2625 2099 2661 illius
2140 2627 2198 2661 Γο-
