2435 3188
1628 260 1706 301 103

166 378 262 414 Pone
286 376 368 411 hanc
393 373 539 420 figuram,
565 371 597 405 in
624 383 699 405 area
725 367 911 404 abdominis
940 366 1060 402 dorsali
1089 365 1206 407 media,
1236 365 1508 407 anaide-cinerea,
1536 366 1639 401 lineae
1655 374 1759 402 trans—

167 448 280 473 versae
306 435 428 481 nigrae,
455 430 585 478 postice
612 429 808 477 plerumque
835 427 1220 474 albicanti-marginatae‚
1245 426 1275 459 in
1304 424 1414 459 medio
1443 425 1625 472 angulatae,
1658 437 1759 473 angu-

164 496 201 530 lis
238 505 350 528 versus
391 487 704 538 cephalothoracem
746 486 984 534 spectantib11S‚
1024 499 1141 520 versus
1182 497 1278 519 anum
1307 483 1544 518 decrescentes
1584 490 1617 518 et
1657 486 1760 532 magis

162 554 329 601 magisque
357 549 548 584 obliteratae
576 546 834 594 conspiciuntur,
863 557 1000 593 quarum
1028 545 1132 592 prima
1159 544 1251 578 basin
1280 543 1398 577 format
1425 542 1549 588 figurae
1579 542 1661 576 illius
1683 556 1760 577 acu-

161 613 242 648 leum
270 610 406 657 sagittae
433 606 613 642 referentis.
666 604 723 639 Ad
753 604 853 639 latera
881 603 979 651 hujus
1016 604 1164 651 picturae
1194 602 1317 637 fuscius
1346 607 1396 637 est
1423 601 1600 642 abdomen,
1643 603 1760 637 seriem

161 671 316 717 utrinque,
343 673 418 702 ante
447 665 588 701 medium
615 665 818 699 exorientem
847 669 879 698 et
906 662 949 697 ad
978 662 1134 697 mamillas
1163 662 1378 702 desinentem,
1404 674 1445 695 ex
1471 662 1603 708 punctis
1629 662 1759 706 majori-

160 730 219 765 bus
246 729 314 763 sive
342 725 476 761 maculis
504 723 652 759 rotundis
679 722 805 763 albidis,
831 723 936 757 antice
962 722 1266 769 nigro-marginatis
1282 727 1403 756 etcum
1430 719 1556 755 lineolis
1582 720 1641 755 illis
1657 727 1759 755 trans-

160 788 263 824 versis
301 785 498 834 plerumque
538 783 722 830 conjunctis
762 782 944 822 formatam,
974 779 1145 816 exhibens.
1198 779 1328 815 Versus
1356 785 1504 815 ventrem
1533 779 1661 814 cinerea
1688 788 1761 815 sunt

158 849 264 886 latera,
294 844 560 891 fusco-punctata
601 847 634 877 et
675 841 861 876 -maculata.
931 840 1053 876 Venter
1090 850 1199 888 usque
1228 838 1267 874 ad
1314 837 1413 874 latera
1441 838 1653 873 mamillarum
1682 845 1760 879 ater,

160 912 231 942 ante
258 917 338 952 quas
361 901 515 951 punctula
545 900 610 935 duo
639 900 809 936 albicantia
840 898 1002 935 interdum
1031 897 1158 934 adsunt.
1227 898 1392 948 Epigyne
1428 897 1645 945 nigro-lusca,
1686 899 1760 946 pilis

157 965 231 1000 atris
259 961 461 998 abscondita.
514 958 727 995 Mamillae
753 964 928 995 testaceae.

299 1063 333 1100 0⁷¹
362 1055 513 1090 adultas.
569 1052 696 1088 Forma
732 1066 799 1088 non
841 1053 977 1087 multum
1005 1066 1023 1087 a
1051 1053 1189 1088 feminae
1226 1052 1341 1088 differt.
1410 1051 1759 1099 Cephalothorax

154 1118 241 1165 long.
268 1115 396 1151 circiter
427 1112 523 1149 6—7
551 1113 688 1155 millim„
718 1113 825 1148 antice
855 1114 960 1159 magis
987 1118 1190 1160 angustatus,
1218 1118 1252 1146 ut
1277 1113 1308 1146 in
1336 1111 1592 1159 congeneribus.
1646 1109 1758 1145 Man-

155 1175 322 1212 dibulae
350 1173 451 1208 dorso
480 1171 550 1208 sere
575 1178 678 1214 recto,
704 1173 758 1207 vix
787 1184 951 1213 convexo,
985 1172 1113 1207 femore
1145 1173 1364 1219 angustiores.
1417 1169 1648 1218 Palporum
1665 1184 1758 1218 pars

145 1235 333 1284 femoralis
356 1231 561 1280 longitudine
596 1231 733 1267 duarum
770 1232 923 1279 proxime
963 1232 1171 1279 sequentium
1200 1231 1400 1277 conjunctim
1429 1235 1489 1272 est,
1512 1243 1605 1278 pars
1633 1227 1760 1264 tibialis

156 1294 341 1345 cylindrica‚
370 1291 573 1340 longitudine
591 1296 715 1340 partis
732 1291 941 1339 patellaris;
965 1305 1055 1339 pars
1085 1290 1227 1325 tarsalz's
1253 1289 1304 1324 his
1333 1289 1462 1324 duabus
1486 1289 1671 1336 conjunctis
1693 1302 1759 1323 non

154 1355 301 1395 brevior,
339 1351 661 1401 ovato-pyrisormis‚
697 1350 866 1385 latitudine
894 1350 1036 1385 femoris.
1091 1348 1225 1384 Bulbus
1264 1349 1428 1395 genitalis
1456 1354 1506 1383 sat
1531 1348 1759 1396 complicatus,

153 1414 268 1450 subtus
295 1418 368 1446 ante
394 1413 522 1459 apicem
547 1416 736 1445 transverse
762 1411 946 1457 impressus
975 1415 1008 1444 et
1038 1409 1105 1444 sere
1136 1410 1166 1444 in
1196 1408 1306 1444 medio
1341 1420 1506 1456 procursu
1534 1419 1671 1450 corneo,
1702 1421 1758 1442 an-

152 1472 417 1521 galato-sinuoso
443 1476 595 1505 armatus.
659 1469 803 1505 Pedes
845 1469 1013 1517 longiores
1041 1476 1073 1504 et
1100 1469 1294 1517 graciliores
1335 1480 1434 1516 quam
1461 1468 1491 1501 in
1521 1474 1555 1507 2:
1584 1468 1639 1501 42ti
1668 1468 1756 1515 paris

150 1530 428 1580 cephalotborace
454 1529 564 1577 paullo
590 1529 665 1577 plus
689 1528 780 1576 31plo
808 1529 995 1576 longiores;
1018 1528 1155 1576 patella
1196 1526 1327 1562 dimidia
1366 1527 1444 1562 tibia
1484 1526 1584 1560 multo
1614 1526 1755 1561 brevior.

152 1590 370 1627 Abdomen
399 1586 677 1636 cephalothorace
705 1589 903 1636 plerumque
931 1589 1047 1623 minus.

304 1683 402 1719 Color
426 1684 455 1717 in
484 1695 525 1718 eo
550 1681 711 1724 diversus,
739 1682 830 1730 quod
857 1681 1239 1730 cephalothoracis
1268 1679 1404 1715 dorsum
1421 1692 1495 1714 curn
1510 1688 1620 1728 parte
1634 1679 1755 1728 cepha-

152 1744 219 1779 lica
245 1749 312 1778 tota
341 1742 637 1777 albido—cinereum
666 1748 726 1784 est,
752 1742 835 1777 linea
863 1741 955 1776 fusca
983 1742 1147 1789 geminata
1176 1740 1281 1775 nulla.
1333 1738 1455 1787 Palpi
1483 1740 1629 1780 testacei,
1648 1746 1757 1787 pal-te

153 1802 277 1838 tarsalz·
306 1807 337 1837 et
364 1799 458 1836 bulbo
485 1802 598 1848 piceis.
650 1800 807 1836 Maculae
835 1801 986 1849 pedum
1014 1802 1120 1836 minus
1148 1799 1330 1835 evidentes.
1396 1798 1622 1834 Abdomen
1660 1798 1757 1846 plane

153 1868 188 1897 ut
213 1863 245 1896 in
273 1861 399 1902 semina,
427 1861 489 1896 nisi
508 1859 598 1908 quod
622 1873 697 1895 area
727 1860 835 1895 media
863 1860 1003 1895 dorsalis
1031 1861 1149 1895 clarius
1167 1859 1313 1894 colorata
1340 1863 1400 1899 est,
1427 1857 1553 1893 lineolis
1576 1858 1635 1893 illis
1652 1864 1756 1892 trans-

153 1922 257 1957 versis
284 1921 444 1968 angulatis
471 1932 560 1968 pone
587 1919 723 1967 figuram
751 1933 901 1967 magnam
928 1921 1067 1955 anticam
1092 1920 1146 1955 vix
1172 1919 1351 1967 expressis.

299 2013 466 2050 Juniores
493 2012 644 2047 differunt
669 2026 686 2047 a
711 2021 730 2054 2
757 2013 811 2048 ad.
838 2013 952 2049 colore
980 2014 1135 2055 clariore,
1164 2012 1289 2047 macula
1319 2025 1437 2060 magna
1463 2013 1567 2046 antica
1606 2009 1756 2044 abdomi-

151 2076 200 2110 nis
224 2087 340 2122 parum
368 2085 537 2121 expressa,
580 2072 672 2108 lineis
712 2073 939 2115 albicantibus,
967 2074 1087 2121 quibus
1130 2072 1261 2107 delinita
1291 2077 1356 2113 est,
1399 2071 1505 2106 solum
1547 2069 1754 2105 restantibus.

147 2133 306 2169 'Pedum
335 2138 367 2168 et
393 2132 614 2180 palporum
652 2132 834 2167 internodia
869 2133 977 2167 onmia
1015 2131 1279 2167 fusco-annulata
1307 2130 1359 2165 vel
1385 2129 1571 2164 -maculata.
1634 2127 1754 2162 Venter

153 2198 327 2229 testaceus.

300 2258 452 2295 Habitat
473 2257 508 2293 in
537 2257 626 2293 locis
653 2259 793 2307 apertis,
819 2258 886 2295 soli
914 2257 1099 2307 expositis,
1125 2257 1335 2306 praesertim
1363 2255 1549 2297 sabulosis,
1591 2254 1753 2290 foramen

149 2319 185 2355 in
209 2330 317 2355 arena
339 2317 490 2359 fodiens,
517 2318 619 2364 eujus
643 2316 678 2352 in
704 2317 881 2354 vicinitate
905 2321 1094 2354 venantem
1116 2316 1258 2365 saepius
1286 2328 1365 2352 eam
1393 2315 1521 2351 inveni.
1576 2314 1650 2350 Sub
1667 2314 1752 2362 lapi-

152 2377 255 2414 dibus
282 2389 426 2426 quoque
459 2376 643 2425 reperitur,
681 2389 754 2413 non
793 2390 881 2413 vero
908 2377 943 2413 in
974 2376 1078 2413 silvis.
1142 2375 1257 2412 Mens.
1285 2373 1507 2423 Maji—Julii
1535 2373 1676 2409 adultae
1700 2373 1752 2408 in-

151 2435 350 2473 veniuntur.

298 2505 427 2541 Differt
457 2518 476 2541 a
513 2507 705 2543 Tarentula
733 2509 901 2556 inquilina
939 2506 1148 2556 (Clerck.)
1186 2505 1278 2541 vitae
1318 2504 1467 2546 ratione,
1509 2502 1753 2553 magnitudine

154 2565 299 2611 majore,
327 2568 458 2600 statura
483 2563 696 2607 robustiore,
724 2565 849 2601 colore
877 2565 1041 2613 corporis
1069 2564 1367 2605 albido-cinereo,
1394 2563 1530 2612 pictura
1550 2561 1754 2599 abdominis

156 2621 258 2658 valde
286 2622 442 2663 diversa;
470 2629 489 2663 2
512 2627 698 2670 praeterea
734 2623 852 2659 differt
876 2623 969 2659 linea
995 2623 1173 2672 geminata
1198 2623 1234 2659 in
1262 2622 1373 2658 dorso
1400 2621 1509 2670 partis
1536 2619 1750 2669 cephalicae,
