2435 3188
156 263 1695 336 ffl—-aeffiffiffissQQQ-*Qsae—

185 745 490 806 RECENSIO
534 744 794 803 CRITICA
838 742 1236 803 ARANEARUM
1285 742 1706 813 SUECICARUM,

671 883 789 927 QUAS
831 882 1218 920 DESCRIPSERUNT

363 992 736 1037 CLERCKIUS,
771 991 1112 1038 LINNAEUS‚
1146 990 1228 1031 DE
1267 990 1527 1031 GEERUS.

872 1121 1019 1145 SCRlPSlT

724 1198 778 1230 '1'-
809 1197 1112 1230 THORELL
1126 1200 1159 1231 ²)-

149 1373 414 1428 Consideranti
439 1390 523 1428 mihi
549 1391 742 1427 maximam
769 1390 863 1428 illam
893 1397 928 1429 et
952 1404 1067 1442 paene
1096 1389 1380 1428 inextricabilem
1409 1387 1668 1430 confusionem,
1708 1387 1742 1423 in

149 1464 254 1500 quam
281 1464 329 1487 ex
357 1455 455 1500 parte
482 1450 603 1486 incidit
628 1451 899 1487 nomenclatura
927 1451 1126 1502 zoologica,
1160 1463 1266 1499 quam
1293 1453 1432 1490 vocant,
1473 1448 1567 1484 bene
1595 1447 1739 1497 quidem

148 1510 195 1546 illi
222 1510 266 1546 de
292 1509 359 1546 hac
393 1510 576 1559 disciplina
602 1509 718 1546 meriti
745 1511 920 1553 videntur,
960 1511 1019 1560 qui
1047 1511 1093 1547 ad
1122 1514 1254 1546 tantam
1293 1507 1598 1557 perturbationem
1643 1519 1742 1542 amo-

148 1568 299 1604 vendam
325 1568 479 1604 studium
503 1573 538 1604 et
565 1569 781 1619 diligentiam
809 1569 1057 1606 adhibuerunt.
1111 1569 1187 1605 Nec
1214 1573 1334 1604 tamen
1361 1567 1466 1616 pauci
1492 1566 1643 1608 fuerunt,
1673 1565 1741 1615 qui,

148 1628 235 1664 alius
260 1628 296 1663 in
323 1627 388 1663 alia
415 1628 603 1677 zoologiae
622 1633 720 1677 parte
736 1634 905 1671 versatus,
935 1629 970 1665 in
998 1642 1043 1665 eo
1067 1628 1304 1669 elaborarunt,
1333 1630 1369 1662 ut
1395 1625 1623 1662 conturbatas
1642 1625 1741 1674 quasi

149 1691 307 1722 catervas
337 1698 459 1722 rursus
483 1687 519 1722 in
544 1687 707 1723 ordinem
734 1688 954 1733 redigerent:
993 1688 1100 1724 multa
1135 1699 1222 1723 vero
1251 1689 1384 1722 restant
1406 1692 1441 1721 et
1470 1685 1631 1720 nondum
1660 1684 1741 1720 satis

149 1750 365 1794 pertractata,
390 1746 424 1781 in
453 1745 581 1794 quibus
607 1745 731 1782 harum
760 1760 878 1783 rerum
908 1747 1029 1797 peritis
1055 1746 1203 1782 multum
1231 1750 1265 1781 et
1293 1745 1353 1780 diu
1388 1744 1453 1780 erit
1483 1743 1742 1781 desudandmn,

149 1817 222 1840 non
247 1805 281 1840 in
309 1804 373 1840 illis
398 1810 529 1840 tantum
553 1805 758 1854 disciplinae
783 1806 950 1855 partibus,
976 1819 1068 1855 quae
1096 1819 1208 1855 usque
1234 1805 1280 1841 ad
1306 1804 1395 1840 haec
1422 1808 1585 1852 tempora
1600 1804 1743 1852 ignotae

149 1868 184 1899 et
211 1863 311 1912 quasi
336 1863 487 1899 incultae
521 1866 728 1911 jacuerunt,
773 1879 898 1901 verum
935 1865 1056 1907 etiam,
1102 1870 1136 1901 et
1162 1864 1284 1900 nescio
1313 1877 1357 1899 an
1387 1863 1594 1912 plurimum,
1621 1863 1655 1898 in
1682 1863 1741 1904 iis,

151 1935 241 1971 quae
270 1935 334 1970 per
356 1923 601 1971 longissimum
626 1924 797 1972 temporis
812 1925 963 1973 spatium
991 1924 1156 1960 excultae
1185 1923 1337 1959 fuerunt.
1393 1921 1502 1966 Quod
1528 1921 1562 1956 in
1591 1923 1741 1958 Araneis

149 1987 245 2017 certe
270 1981 449 2017 neminem
476 1981 571 2031 fugit,
598 1983 657 2031 qui
684 1996 807 2018 earum
834 1984 980 2019 scientia
1009 1983 1134 2019 leviter
1161 1982 1272 2018 modo
1308 1981 1351 2017 sit
1378 1980 1550 2019 imbutus:
1591 1993 1739 2029 quarum

150 2040 266 2077 studio
295 2053 403 2089 quum
431 2040 528 2076 multi
552 2041 647 2090 iique
676 2055 784 2091 saepe
812 2042 1008 2078 doctissimi
1031 2042 1096 2077 viri
1120 2055 1158 2077 se.
1187 2040 1359 2082 dederint,
1388 2045 1506 2075 tamen
1522 2052 1588 2074 nec
1604 2039 1740 2075 somnae

150 2111 216 2135 nec
243 2099 386 2134 nomina
413 2100 495 2135 satis
523 2105 702 2142 constant3
731 2106 767 2137 ut
791 2101 969 2137 interdum
997 2101 1137 2149 species
1165 2100 1390 2149 pervulgatas
1417 2105 1451 2134 et
1478 2110 1569 2147 quae
1603 2098 1741 2146 penitus

150 2158 312 2207 cognitae
341 2171 421 2194 esse
446 2158 635 2200 debebant,
665 2159 708 2195 ab
727 2160 801 2196 aliis
817 2160 1050 2208 scriptoribus
1078 2160 1152 2195 aliis
1178 2158 1391 2198 nominibus,
1421 2156 1738 2193 diversissimarum

149 2229 256 2264 saepe
292 2216 495 2259 formarum,
524 2218 692 2267 appellari
731 2219 926 2255 videamus.
994 2219 1096 2255 Unde
1126 2229 1214 2253 vero
1259 2216 1454 2252 maximum
1494 2215 1740 2252 detrimentum

152 2276 263 2324 capiat
289 2276 435 2311 scientia
471 2281 594 2312 nostra
622 2290 772 2313 necesse
807 2282 874 2319 est,
907 2291 1015 2326 quum
1041 2277 1086 2313 ita
1114 2289 1181 2312 1100
1209 2276 1319 2317 ordo,
1349 2275 1409 2323 qui
1438 2274 1593 2310 maxime
1621 2275 1741 2312 lumen

153 2334 346 2370 memoriae
374 2335 483 2376 ass'ert,
524 2348 642 2384 neque
684 2342 850 2373 accurate
894 2337 1038 2372 fundata
1074 2340 1108 2371 et
1135 2339 1315 2371 exstructa
1354 2333 1537 2382 disciplina
1565 2333 1633 2369 ulla
1660 2347 1740 2371 esse.

154 2393 272 2440 possit.
329 2393 385 2428 Ad
414 2393 482 2428 1100
509 2399 626 2430 autem
651 2395 771 2431 vitium
796 2396 1003 2436 tollendum,
1033 2407 1104 2443 quo
1131 2394 1269 2429 laborat
1295 2406 1352 2429 ars
1375 2402 1504 2434 nostra,
1534 2405 1642 2441 quum
1659 2393 1741 2429 nihil

154 2451 227 2486 fere
252 2452 363 2497 magis
387 2453 429 2488 sit
456 2454 708 2495 necessarium,
736 2467 851 2503 quam,
881 2468 972 2503 quae.
999 2453 1139 2502 species
1164 2466 1184 2488 a
1211 2452 1392 2489 veteribus
1421 2451 1654 2500 scriptoribus
1680 2452 1742 2488 de-

154 2510 270 2545 linitae
296 2516 385 2553 sunt,
414 2524 474 2547 eas
500 2512 594 2548 bene
623 2513 783 2562 cognitas
808 2518 843 2549 et
868 2518 1074 2562 perspectas
1103 2511 1245 2553 habere,
1274 2523 1422 2559 prorsus
1436 2523 1741 2558 supervacaneum

222 2613 239 2643 ¹)
259 2612 358 2637 Primas
378 2613 455 2646 liujus
476 2614 594 2647 opusculi
614 2614 754 2640 schedulas
781 2615 835 2647 jam
865 2622 948 2645 antea,
981 2615 1065 2641 forma
1091 2614 1292 2640 Dissertationis
1312 2623 1359 2648 pro
1380 2613 1453 2648 grad.
1471 2613 1544 2647 phil„
1569 2613 1650 2638 edidi:
1679 2622 1744 2648 quas

155 2662 228 2684 nunc,
249 2654 342 2679 additis
363 2661 388 2680 et
407 2655 550 2681 emendatis
571 2657 734 2689 quibusdam,
753 2658 792 2687 iis,
812 2666 877 2691 quae
897 2658 1040 2688 restabant,
1060 2657 1182 2692 adjungo.
1546 2690 1567 2721 S

1546 2698 1564 2723 0
1582 2699 1597 2722 1)
