2435 3188
687 265 774 307 302

635 376 833 421 angustiora.
894 374 1057 409 Patalam
1090 375 1241 421 inferius
1282 388 1355 409 cum
1391 376 1509 410 calcari
1545 375 1612 410 fere
1648 376 1822 411 orbiculari
1858 376 1957 411 dilute
1993 377 2240 417 roseo-album,

635 434 730 481 apice
758 435 913 468 obtusum
942 440 975 467 et
1005 446 1149 481 superne
1175 434 1280 480 gibbo
1306 433 1398 467 viridi
1425 435 1627 474 instructum,
1657 437 1710 482 qui
1739 437 1939 483 marginibus
1968 436 2047 476 tatis,
2076 450 2238 471 sunnnnm

635 493 764 539 apicem
805 493 1056 539 attingentibus,
1096 493 1218 539 patenti
1240 492 1384 532 reflexis,
1414 493 1631 533 albo-roseis,
1673 494 1820 540 cingitur.
1889 495 2051 529 Patalam
2089 496 2240 541 'inferius

635 550 772 592 lineare,
799 552 994 592 carinatum,
1028 550 1187 590 albidum,
1227 553 1322 598 apice
1363 551 1623 585 obtusinscnlnm
1652 558 1684 585 et
1713 552 1836 587 inferne
1871 554 1973 598 gibbo
2001 554 2092 588 viridi
2120 555 2238 589 instrw

636 615 733 650 ctum,
762 623 859 657 quen]
886 611 1021 657 cingunt
1048 611 1213 656 margines
1246 616 1412 656 patentes,
1437 624 1599 644 summum
1625 611 1753 657 apicem
1782 613 1986 658 attingentes.
2045 614 2165 647 Petala
2188 619 2240 647 1'71—

636 673 763 703 teriora
791 669 908 709 albida,
936 670 1031 716 apice
1061 669 1362 703 luteo-virescentia
1399 676 1430 703 et
1464 669 1739 716 longitndinaliter
1776 671 1968 717 tri-plicata,
2006 686 2021 706 a
2060 672 2169 707 medio
2198 672 2237 706 ad

635 728 765 775 apicem
796 742 925 763 sursum
962 734 1110 767 curvata,
1145 728 1261 774 petalis
1296 729 1415 762 ceteris
1450 729 1611 762 breviora.
1673 728 1827 763 Fructus
1854 731 2032 776 globosus,
2063 732 2238 771 maximus,

636 787 879 834 subfungosns,
908 788 1063 827 obtusus,
1091 787 1479 833 tuberculato-rugosns‚
1506 788 1600 834 apice
1630 787 1865 828 bifoveolatns,
1896 790 1964 824 basi
1996 790 2161 838 pedicello
2191 791 2237 824 in-

636 852 783 880 crassato
811 847 989 893 angustior.

782 938 860 971 Iczm
888 945 921 971 et
946 938 1127 984 descriptio
1153 937 1203 970 ad
1223 934 1434 982 exemplaria
1464 939 1546 969 viva.
1576 938 1609 967 in
1637 933 1724 968 hort.
1754 933 1816 969 bot.
1847 936 2037 971 Hauniensi
2061 938 2162 971 culta.

782 1025 867 1060 Obs.
923 1024 997 1060 Sub
1023 1025 1083 1059 hac
1108 1026 1222 1073 specie
1258 1030 1292 1058 ut
1329 1024 1517 1057 varietatem
1547 1022 1634 1055 attuli
1663 1022 1869 1057 Fumarium
1899 1024 2073 1071 osylobam.
2103 1025 2236 1066 Boiss.,

633 1085 727 1129 cujus
743 1084 941 1132 exemplaria
957 1086 985 1118 in
1004 1084 1224 1124 herb.Fries‚
1253 1081 1437 1117 A1.Braun
1465 1087 1495 1115 et
1524 1079 1660 1115 Sonder
1686 1081 1759 1115 mihi
1792 1082 1903 1117 videre
1929 1085 2023 1118 licuit,
2079 1083 2176 1122 Quae
2206 1087 2234 1119 in

633 1142 724 1178 herb.
741 1142 837 1178 Fries
858 1145 1064 1178 inveniuntur
1079 1143 1295 1190 exemplaria,
1319 1142 1360 1176 ab
1385 1142 1459 1188 ipso
1488 1138 1663 1174 Bois-siem
1691 1141 1804 1175 tradita
1833 1149 1916 1176 sunt.
1969 1141 2093 1191 Neque
2117 1158 2158 1179 ex
2186 1145 2235 1179 his

632 1202 887 1249 exemplaribus,
915 1215 1023 1249 neque
1052 1202 1276 1249 descriptione
1303 1198 1465 1234 Boissieri
1492 1199 1683 1233 Fumariae
1696 1199 1856 1246 oxylobae
1884 1202 1944 1235 ulla
1969 1202 2027 1236 alia
2056 1202 2235 1237 differentia

632 1274 648 1294 a
676 1261 850 1296 Fumarm
876 1274 1120 1309 macrocarpa,
1157 1273 1254 1307 qnam
1284 1272 1368 1306 quae
1396 1271 1495 1306 supra
1527 1258 1619 1292 allata
1649 1265 1707 1299 est,
1735 1260 1869 1294 inveniri
1896 1267 2022 1308 potest,
2055 1275 2139 1309 qnae
2166 1263 2236 1297 sine

632 1319 733 1355 dubio
761 1334 801 1355 ex
829 1321 987 1355 umbroso
1016 1326 1048 1355 et
1072 1319 1206 1354 humido
1235 1319 1310 1352 loco
1339 1318 1435 1352 natali
1463 1323 1513 1352 est
1540 1317 1699 1365 profecta,
1725 1331 1791 1366 quo
1822 1319 1960 1354 efficitur
1987 1329 2021 1354 ut
2048 1321 2137 1356 floris
2159 1335 2234 1369 par—

631 1389 680 1414 tes
709 1380 900 1421 minuantur,
928 1379 989 1414 sed
1017 1379 1091 1413 solia
1120 1385 1152 1414 et
1178 1378 1372 1426 praesertim
1402 1377 1515 1424 petioli
1540 1383 1732 1425 augeantur.

1099 1531 1175 1572 24.
1239 1533 1427 1572 Fumuria
1457 1547 1609 1586 vayans
1639 1533 1754 1573 Jord-

773 1650 811 1686 F.
837 1650 1009 1686 fructibus
1035 1650 1393 1686 ovato-subrotnndis
1420 1649 1647 1686 acutiusculis
1667 1649 2089 1700 tuberculato-rugulosis
2108 1664 2232 1700 parurn

628 1709 862 1756 compressis,
889 1709 1018 1757 sepalis
1046 1709 1341 1759 ovato-oblongis
1375 1709 1606 1745 circumcirca
1640 1709 1790 1745 dentatis
1825 1710 2042 1745 mucronatis
2070 1710 2232 1746 carinatis

628 1767 764 1803 corolla
801 1768 876 1803 fere
910 1768 1014 1816 triplo
1051 1768 1277 1804 brevioribus
1311 1770 1463 1817 ejusque
1497 1768 1584 1804 tubo
1620 1768 1821 1817 aequilatis,
1859 1767 2012 1804 bracteis
2052 1769 2230 1817 pedicello

627 1826 808 1862 fructifero
836 1832 1120 1875 erecto-patente
1153 1827 1263 1876 duplo
1298 1827 1534 1868 brevioribus,
1567 1827 1733 1863 foliorum
1764 1827 1898 1862 laciniis
1926 1826 2101 1877 oblongis.

627 1919 800 1953 Fumaria
827 1932 958 1964 vagans
991 1918 1127 1954 Jordan
1166 1919 1241 1955 Cat.
1276 1920 1320 1953 (lu
1346 1920 1444 1965 jard.
1476 1918 1539 1955 bot.
1570 1921 1610 1955 de
1637 1921 1742 1967 Dijon
1769 1926 1847 1956 4848
1870 1935 1909 1969 p.
1935 1923 1972 1956 15
1998 1936 2038 1955 ex
2075 1921 2230 1970 Walpers

701 1978 790 2012 Ann.
818 1976 880 2012 bot.
907 1986 989 2025 εμπ.
1020 1978 1078 2012 vol.
1106 1978 1160 2012 II
1174 1992 1211 2027 p.
1241 1983 1282 2013 228
1309 1979 1441 2012 secuml.
1468 1979 1606 2027 exempl.
1635 1985 1669 2014 z'n
1696 1978 1785 2014 herb,
1812 1980 1922 2014 Fries.

626 2072 714 2105 leon.
739 2069 855 2105 Nostr.
885 2068 972 2104 Tab.
1005 2069 1064 2104 Vl.

622 2161 774 2197 Habitat
796 2161 831 2196 in
857 2161 950 2196 arvis
975 2166 1011 2196 et
1038 2160 1083 2196 ad
1110 2173 1232 2196 muros
1261 2161 1397 2197 Galliac.
1425 2162 1708 2198 mediterraneae
1734 2164 1886 2213 (Jord.)

767 2253 888 2288 Radix
915 2267 1031 2288 annua.
1091 2253 1209 2289 Caults
1237 2254 1386 2301 gracilis,
1416 2259 1548 2288 erectus
1576 2253 1629 2288 vel
1655 2253 1807 2294 diffusus,
1845 2251 2089 2292 subscandens,
2120 2265 2226 2286 ramo-

621 2325 686 2353 sus,
713 2313 895 2359 angulatns.
951 2312 1053 2346 Folia
1080 2325 1098 2347 e
1126 2313 1258 2360 petiolis
1286 2313 1425 2360 trigonis
1453 2313 1720 2359 bipinnatisecta,
1748 2313 1871 2347 laciniis
1899 2311 2070 2356 oblongis,
2099 2311 2227 2345 obtusis

619 2383 692 2404 cum
719 2384 886 2410 mucrone,
914 2371 1035 2417 planis3
1064 2371 1176 2418 petioli
1205 2371 1391 2405 secundarii
1416 2384 1519 2418 saepe
1544 2370 1891 2405 cirrhoso-convoluti.
1947 2369 2088 2403 Racemz'
2115 2382 2225 2417 oppo-

618 2429 753 2469 sitit'otii,
779 2429 1007 2476 peduncnlati,
1044 2430 1222 2469 multiflori,
1265 2430 1387 2464 evoluti
1422 2429 1500 2469 laxi3
1541 2429 1695 2476 pedicelli
1736 2428 1889 2463 fructiferi
1927 2434 2223 2475 erecto-patentes.

616 2487 788 2521 Bracteae
815 2488 1131 2527 albo-virescentes,
1166 2488 1349 2535 oblongae,
1386 2489 1532 2523 breviter
1568 2488 1770 2521 acuminatae
1798 2493 1830 2522 et
1860 2488 1954 2534 apice
1989 2486 2225 2528 denticulatae,

616 2546 786 2593 pedicellis
813 2546 984 2580 fructiferis
1013 2546 1080 2580 sere
1107 2545 1209 2592 duplo
1236 2546 1420 2580 breviores.
1481 2545 1601 2580 Flores
1635 2545 1822 2581 mediocres
1854 2546 2074 2596 (thmarz'ae
2102 2546 2225 2593 offici-

613 2604 702 2639 nalis
730 2607 943 2653 aequantes),
983 2604 1082 2639 dilute
1120 2605 1223 2645 rosei,
1261 2605 1356 2651 apice
1396 2605 1655 2652 atro-purpurei.
1724 2604 1852 2653 Sepala
1879 2605 2091 2645 albo-rosea,
2120 2619 2223 2639 nervo
