2435 3188
1660 249 1740 290 289

334 358 454 393 Radix
482 370 597 397 annua,
625 356 782 404 simplex,
809 355 939 403 pallida.
1010 354 1129 391 Caulis
1157 360 1303 396 erectus,
1332 355 1501 390 flexuosus
1547 356 1598 390 vel
1635 356 1789 390 subscan-

187 416 278 457 dem,
306 417 487 465 ungulatus,
514 429 674 456 ramosus,
702 414 1043 461 viridi-glaucescens.
1097 414 1199 448 Folia
1215 414 1469 461 glaucescentia‚
1485 427 1525 449 ex
1545 414 1676 462 petiolis
1695 415 1795 461 trigo-

188 476 235 510 nis
264 476 532 523 bipinnatisecta‚
562 475 742 522 segmentis
776 473 1028 514 subllabellatis‚
1062 474 1185 508 laciniis
1219 473 1374 521 oblongis
1409 474 1460 508 vel
1495 472 1796 519 lineari-oblongis,

187 535 308 582 planis,
348 535 476 570 obtusis
513 547 586 568 cnm
628 533 821 567 mucronulo
858 533 909 567 vel
945 534 1064 569 acutis:
1103 532 1214 580 petioli
1257 532 1442 567 secundarii
1484 545 1586 580 saepe
1629 531 1795 565 cirrhoso-

185 594 361 628 convoluti.
416 593 558 627 Racemi
584 592 815 639 oppositil'olii‚
858 592 1004 626 breviter
1044 591 1271 640 pedunculuti,
1314 591 1443 626 floriferi
1473 592 1612 631 breves,
1641 590 1795 625 fructiferi

185 653 368 693 laxiusculi3
395 651 548 700 pedu-elli
574 651 704 685 ssoril'eri
725 656 877 697 patentes
892 651 944 686 vel
962 652 1083 692 cernui,
1110 650 1263 686 fructiferi
1291 650 1413 685 reflexi.
1468 651 1640 685 Bructeae
1668 649 1796 684 albidae

183 712 234 746 vel
262 711 487 750 albo-roseae,
515 710 823 757 lineari-oblongae,
852 711 1066 751 acuminatas»,
1093 710 1266 757 pedicellis
1294 709 1468 744 fructiFeris
1495 709 1714 757 aequilongae
1743 710 1795 744 vel

183 772 229 806 eis
257 771 367 818 paullo
404 771 585 805 breviores.
651 769 771 803 Flores
803 768 990 803 mediocres
1023 769 1232 814 (Rarum-iae
1258 769 1449 816 qfficirmlis
1480 769 1591 816 paullo
1620 770 1797 815 majores),

184 831 280 871 rosei,
308 831 402 877 apice
429 830 695 877 atro-purpu1·ei;
729 828 873 876 petalum
902 828 1035 863 inl'erins
1063 829 1092 862 in
1123 828 1204 863 flore
1231 829 1317 863 bene
1350 828 1515 876 explicato
1553 829 1748 876 saepissime
1777 841 1793 862 a

183 889 301 924 ceteris
330 888 470 929 distans,
498 888 654 936 patulum.
707 887 835 936 Sepala
864 887 1073 929 albo-rosea,
1111 901 1214 922 nervo
1244 886 1464 922 viridesceute
1505 887 1670 935 praedita,
1699 894 1794 922 ovata

183 947 235 983 vel
262 948 485 983 subrhombea
514 948 588 995 plns
630 948 778 982 minusve
821 952 925 987 acuta,
965 960 1066 994 parce
1101 946 1416 994 repando-dentata,
1456 945 1554 981 dente
1582 959 1647 981 uno
1687 960 1793 994 prope

182 1006 325 1042 medium
354 1007 456 1055 sepali
485 1008 588 1054 magis
616 1007 840 1054 prominente,
868 1007 994 1041 tertiam
1027 1013 1155 1053 partem
1184 1006 1330 1041 corollae
1372 1005 1576 1053 longitudine
1621 1006 1792 1053 aequantia

183 1066 317 1113 (calcari
342 1066 513 1113 breviora)
539 1068 680 1113 ejusque
720 1066 800 1101 tubo
839 1065 949 1113 paullo
977 1063 1102 1100 latiora.
1170 1065 1328 1100 Petalnm
1365 1070 1524 1113 superius
1560 1077 1634 1099 curn
1676 1065 1792 1099 calcari

182 1125 521 1165 ovato-subrotundo,
561 1125 755 1172 longicollo‚
783 1138 932 1166 roseum,
972 1125 1067 1172 apice,
1103 1130 1234 1159 acutum
1263 1130 1296 1159 et
1323 1137 1467 1171 superne
1495 1124 1599 1172 gibbo
1626 1124 1719 1158 viridi
1745 1125 1793 1159 in-

181 1191 356 1227 structum,
396 1186 490 1231 cujus
533 1185 697 1232 margines
737 1183 867 1225 reflexi,
911 1184 1087 1231 purpurei,
1129 1197 1291 1218 summum
1333 1185 1461 1231 apicem
1506 1196 1571 1218 non
1617 1184 1790 1231 attingunt,

181 1243 343 1279 Petalum
371 1245 521 1291 inferius
551 1244 680 1285 lineare,
707 1243 965 1283 canaliculatum,
993 1256 1144 1284 roseum,
1186 1244 1280 1290 apice
1320 1249 1450 1278 acutum
1478 1249 1511 1278 et
1534 1243 1658 1278 inferne
1687 1243 1791 1290 gibbo

179 1303 272 1338 viridi
299 1305 502 1343 instructum,
532 1304 585 1350 qui
612 1303 776 1350 margines
804 1301 903 1337 habet
928 1303 1190 1350 angustissimos,
1214 1309 1356 1344 erectos,
1384 1316 1546 1337 summum
1574 1303 1702 1350 apicem
1726 1316 1791 1337 non

179 1364 385 1410 attingentes,
412 1375 545 1402 roseos;
587 1363 730 1410 petalum
773 1360 838 1396 hoc
878 1361 995 1409 petalis
1025 1363 1144 1397 ceteris
1176 1362 1307 1409 longius
1344 1368 1403 1397 est.
1465 1362 1593 1397 Petala
1624 1367 1790 1397 interiora

180 1422 381 1463 albomosea,
407 1423 502 1469 apice
530 1428 771 1469 atropurpurea
803 1427 835 1455 et
862 1420 1138 1468 longitudinaliter
1164 1422 1378 1462 tri-carinata,
1407 1435 1422 1454 a
1451 1420 1561 1455 medio
1590 1421 1631 1455 ad
1659 1422 1787 1469 apicem

180 1494 308 1516 sursum
337 1487 480 1515 curvata.
542 1480 698 1515 Fructus
733 1480 1095 1521 ovato-mibrotundus,
1130 1480 1370 1521 acutiusculus,
1403 1493 1519 1528 parum
1556 1494 1787 1528 compressus,

179 1554 311 1588 parvus,
338 1553 454 1588 parum
483 1540 661 1587 rugulosus
695 1539 746 1574 vel
784 1539 974 1586 subglaber,
1016 1541 1112 1588 apice
1154 1539 1390 1581 bifoveolatus,
1430 1540 1502 1574 basi
1543 1539 1709 1587 pedicello
1740 1541 1787 1574 in-

181 1605 326 1635 crassato
358 1600 536 1648 angustior.

326 1693 408 1729 Iccm
438 1701 472 1728 et
495 1693 677 1741 descriptio
701 1694 884 1727 secundum
910 1693 1123 1741 exemplaria
1152 1698 1243 1727 sicca
1269 1698 1304 1728 in
1331 1692 1435 1728 Herb.
1456 1693 1606 1728 Berolin.

329 1783 405 1820 Obs.
461 1784 535 1820 Sub
564 1786 695 1820 nomine
733 1785 924 1820 Fumariae
959 1786 1095 1821 Petteri
1133 1787 1163 1820 in
1201 1785 1371 1834 plerisque
1411 1785 1571 1821 herbariis
1610 1790 1787 1819 occurrunt

179 1844 375 1892 exemplaria
404 1844 596 1879 Fumariae
620 1846 853 1893 parzrgflorae,
898 1846 993 1880 etiam
1022 1859 1038 1879 a
1064 1844 1202 1880 Pettero
1231 1845 1315 1880 data.
1382 1843 1472 1880 Vera
1500 1845 1674 1879 anarz'a
1702 1844 1786 1879 Pet-

180 1907 259 1943 teri,
298 1904 329 1938 in
369 1904 443 1939 loco
473 1918 488 1938 a
520 1903 570 1939 Cl.
600 1903 840 1939 Reichenbach
881 1906 978 1939 citato
1019 1905 1157 1940 collecta
1183 1918 1200 1938 a
1228 1903 1290 1939 Dr.
1320 1903 1466 1952 Lagger‚
1506 1905 1537 1938 in
1565 1903 1657 1938 herb.
1687 1902 1785 1937 Fries

181 1961 307 1997 adsunt.
364 1962 460 2001 Quae
489 1976 589 2011 quum
618 1963 771 1998 omnibus
797 1965 826 1998 in
856 1965 1004 2012 partibus
1033 1970 1064 1999 et
1090 1977 1163 1999 cum
1192 1965 1287 1998 icone
1317 1970 1349 1999 et
1375 1964 1600 2011 descriptione
1614 1962 1783 1997 Reichen-

181 2020 287 2055 bachii
315 2024 521 2064 conveniunt,
549 2029 692 2071 excepto
720 2023 836 2065 fructu,
864 2025 918 2071 qui
947 2023 1079 2072 quidem
1107 2023 1260 2064 sormam,
1288 2035 1384 2070 quam
1413 2023 1571 2058 describit
1588 2028 1619 2057 et
1637 2022 1784 2069 depingit

180 2079 427 2123 Reichenbaeh,
457 2081 566 2123 habet,
592 2083 651 2117 sed
683 2083 814 2118 minime
844 2089 895 2118 est
919 2084 1051 2118 omnino
1078 2083 1203 2130 glaber,
1233 2082 1309 2116 nihil
1335 2082 1424 2117 dubii
1456 2081 1531 2116 mihi
1562 2088 1678 2121 restat,
1707 2081 1783 2128 quin

180 2138 261 2174 haec
289 2141 330 2174 sit
356 2154 431 2175 vera
459 2141 632 2176 Fumaria
658 2141 794 2176 Peteerz·
819 2140 962 2177 Reichb.
1023 2141 1119 2177 Haec
1151 2142 1287 2176 ulterius
1322 2142 1455 2175 omnino
1497 2148 1547 2175 est
1587 2140 1702 2175 eadem
1744 2153 1782 2174 ac

180 2197 352 2234 Fumaria
385 2199 528 2235 Thuretc'
551 2199 663 2236 Boiss.
696 2200 879 2236 secundum
909 2201 1126 2249 exemplaria,
1159 2213 1243 2248 quae
1270 2214 1286 2234 a
1315 2199 1469 2235 Boissier
1503 2200 1600 2234 missa
1629 2199 1659 2233 in
1688 2198 1780 2233 herb.

182 2255 278 2293 Fries
302 2265 485 2293 occurrunt.

642 2384 656 2399 *
687 2384 877 2422 Fumaria
909 2381 1148 2421 Heldret‘chii
1176 2380 1306 2420 Boiss.

329 2479 368 2515 F.
395 2480 566 2518 fructibus
591 2481 752 2531 globosis
775 2481 913 2518 obtusis
932 2479 1401 2529 compresso-subcarinatis
1416 2477 1657 2520 tuberculatis,
1677 2491 1779 2527 sepa-

186 2535 226 2571 lis
255 2537 365 2573 ovatis
391 2539 613 2576 acutiusculis
639 2540 789 2576 dentatis
818 2540 976 2577 corollae
1004 2539 1093 2576 tubo
1122 2539 1240 2588 paullo
1266 2538 1451 2575 latioribus
1482 2550 1602 2587 eoque
1629 2537 1779 2574 dimidio

1552 2606 1626 2642 3721
