2435 3188
1638 238 1720 281 125

183 350 254 391 diti,
280 348 398 384 aculeis
425 345 615 394 praesertim
644 343 706 378 sub
734 342 820 377 tibiis
847 342 960 377 anticis
987 340 1196 378 brevioribus
1221 347 1254 378 et
1277 343 1380 388 magis
1406 344 1591 390 appressis,
1620 356 1716 392 quam
1741 347 1772 380 in

182 410 223 444 P.
245 411 417 456 piratica;
458 404 550 451 primi
577 403 664 450 paris
698 400 975 449 cephalothorace
1006 400 1097 449 ‘2¹s2,
1135 401 1240 448 quarti
1268 401 1356 448 paris
1392 400 1460 448 ‘2³4
1491 402 1658 450 longiores
1687 411 1770 439 sunt,

181 466 394 509 Abdomen
422 462 531 503 ovale,
555 459 851 508 sub—depressum,
888 459 1168 507 cephalothorace
1196 459 1393 508 plerumque
1420 460 1530 507 paullo
1558 462 1671 507 major,
1698 462 1772 509 pilis

179 525 286 561 densis
310 522 502 557 holosericis
529 525 659 555 tectum.

324 589 675 639 Cephalothorax
706 587 947 635 nigro-fuscus,
976 586 1241 628 sub-olivaceus,
1270 585 1421 635 disperse
1449 587 1770 636 fusco-pubescens,

175 654 256 688 linea
280 649 385 686 media
410 649 547 684 clariore
570 649 600 682 in
630 652 723 695 parte
750 646 933 687 thoracica3
965 646 1048 682 haec
1075 646 1158 681 linea
1185 647 1307 688 amice,
1340 646 1450 682 furcae
1478 647 1606 689 similis,
1632 649 1662 682 in
1690 648 1768 683 late-

175 712 263 747 ribus
287 709 512 757 superioribus
540 708 641 756 partis
665 705 855 754 cephalicae
882 705 923 740 ad
948 706 1065 741 oculos
1088 707 1239 754 posticos
1262 704 1424 753 perducta
1446 712 1514 748 est,
1541 706 1634 741 aliam
1652 707 1769 742 lineam

173 770 358 809 clariorem,
384 768 415 802 in
442 772 535 815 parte
562 765 731 813 cephalica
759 765 916 806 mediam,
942 764 1129 807 includens,
1157 765 1228 800 talis
1254 766 1360 812 igitur,
1383 771 1419 799 ut
1442 766 1472 800 in
1496 764 1536 800 P.
1563 767 1709 814 piratica,
1736 773 1768 800 at

173 828 270 864 multo
299 828 403 862 minus
429 838 603 873 expressa,
631 825 684 859 vix
711 825 901 872 conspicua.
954 823 1012 858 Ad
1039 825 1203 872 margines
1230 825 1332 872 partis
1359 823 1548 860 thoracicae
1577 826 1654 860 vitta
1685 837 1768 873 quo-

171 901 233 936 que
258 887 363 921 minus
389 885 480 920 fusca
507 884 701 932 plerumque
731 883 936 924 observatur,
963 885 1037 931 ipso
1069 890 1176 919 tamen
1203 884 1349 931 margine
1376 884 1516 919 tenuiter
1542 885 1652 931 nigro,
1682 883 1766 919 haec

168 949 242 982 vitta
269 945 342 994 pilis
382 943 508 984 densis,
547 942 693 977 candidis
733 943 810 977 satis
845 948 984 990 anguste
1025 942 1168 977 obducta
1208 949 1274 985 est,
1302 943 1357 990 qui
1384 942 1440 990 pili
1471 943 1632 978 interdum
1659 942 1765 978 detriti

167 1011 255 1047 sunt,
281 1010 315 1039 ut
342 1002 599 1051 cephalothorax
627 1007 714 1036 totus
741 1001 968 1049 nigro-fuscus
993 1007 1161 1049 appareat.
1213 1000 1410 1037 Sternum
1437 1008 1469 1037 et
1500 1002 1766 1038 mandibulae

167 1062 465 1103 rufescenti-fusca;
493 1061 696 1096 mamillae
727 1067 760 1096 ct
786 1061 937 1096 labium
966 1061 1240 1102 fusco-testacea,
1266 1060 1332 1096 hoc
1355 1061 1427 1096 basi
1450 1061 1588 1096 fuscum.
1640 1060 1762 1109 Palpi

165 1130 197 1159 et
223 1122 354 1171 pedes
386 1121 588 1162 unicolores,
619 1120 886 1162 testaceo-fusci,
918 1121 1154 1163 sub-olivacei,
1182 1122 1274 1156 coxis
1303 1119 1404 1155 modo
1437 1121 1549 1168 paullo
1576 1122 1681 1169 magis
1707 1134 1758 1156 ru-

164 1183 378 1223 fescenfibus,
402 1180 493 1229 pilis,
518 1181 596 1215 setis
628 1185 660 1215 et
690 1180 812 1215 aculeis
839 1181 949 1228 nigris.
1002 1179 1227 1216 Abdomen
1262 1179 1519 1228 nigro-fuscum,
1544 1181 1650 1216 antioc
1677 1180 1758 1215 linea

163 1243 312 1289 utrinque
339 1240 460 1275 laterali
499 1240 704 1281 abbreviata,
745 1239 898 1281 candidan
935 1241 965 1274 in
994 1239 1096 1275 dorso
1123 1241 1260 1288 vestigia
1286 1239 1405 1274 adsunt
1427 1245 1641 1287 punctorum,
1675 1253 1759 1288 quae

164 1302 257 1336 etiam
283 1299 420 1334 candida
448 1304 522 1335 sunt
543 1305 576 1334 et
601 1300 632 1334 in
656 1298 737 1334 duas
762 1300 866 1334 series
896 1299 1066 1347 disposita.
1127 1299 1248 1335 Venter
1273 1299 1547 1335 cinereo-fuscus.

386 1408 445 1458 sp.
481 1409 534 1444 15.
584 1407 854 1444 FUMIGATA.
882 1421 915 1457 p.
947 1409 1026 1444 104.
1055 1408 1105 1445 Pl.
1135 1408 1167 1445 5.
1200 1408 1269 1444 tab.
1300 1408 1332 1445 6.

241 1499 302 1532 Syn.
325 1498 458 1525 Aranea
501 1496 670 1533 fumigata
693 1497 764 1523 Limi.
788 1496 858 1533 Syst.
881 1496 946 1524 Nat.
970 1496 1020 1524 Ed.
1046 1499 1089 1524 10.
1113 1497 1134 1524 I.
1158 1506 1182 1534 p.
1208 1500 1274 1532 6213
1299 1496 1347 1525 Ed.
1372 1499 1416 1525 12.
1438 1506 1464 1535 p.
1490 1499 1574 1525 1032.

386 1555 399 1571 «
634 1556 647 1570 (τ
701 1548 734 1573 id.
778 1544 862 1573 Faun.
886 1545 959 1574 Suecv
985 1546 1035 1574 Ed.
1059 1550 1084 1574 2.
1107 1556 1132 1584 p.
1156 1550 1222 1575 488.

320 1595 452 1632 Lycosa
635 1605 647 1619 a
776 1597 870 1622 Walelc.
894 1595 949 1623 Ins.
973 1596 1036 1633 Apt.
1060 1596 1081 1623 Ι.
1104 1605 1128 1633 p.
1153 1599 1219 1624 334.

320 1644 394 1682 Lyc.
415 1644 612 1678 (Leimonia)
635 1654 648 1668 «
772 1646 848 1672 Koch.
873 1645 922 1672 Die
945 1645 1062 1673 Arachn.
1086 1645 1146 1673 XV.
1167 1655 1192 1683 p.
1219 1649 1262 1674 16.
1285 1646 1349 1683 figg.
1375 1649 1581 1674 1425—1426.

633 1698 804 1749 [LYCOSA
828 1699 841 1736 f
850 1712 871 1735 u
880 1700 966 1750 mig
974 1713 994 1737 a
1002 1705 1043 1737 ta
1067 1700 1272 1753 (Clercls.)]

303 1794 388 1842 Lyc.
412 1793 628 1843 paludicolae
653 1792 859 1841 (Clerck.)
886 1793 976 1830 haec
998 1794 1139 1843 species
1166 1806 1186 1830 a
1213 1794 1326 1832 Sum).
1356 1797 1391 1830 et
1416 1793 1569 1832 WESTR.
1600 1793 1747 1842 subjici-

155 1857 220 1896 tur,
245 1865 265 1889 a
291 1865 360 1902 qua
385 1856 504 1889 tamen
530 1864 616 1888 vere
646 1851 788 1889 diversa
812 1857 874 1890 est.
930 1853 1060 1890 Differt
1086 1853 1182 1890 enim
1209 1853 1300 1890 tibiis
1337 1860 1598 1904 metatarsz'sque
1633 1860 1749 1901 nigro—

156 1912 341 1954 ammlatz's,
368 1911 543 1947 fasciculis
570 1910 682 1948 tribus
709 1924 730 1947 c
759 1911 838 1960 pilis
864 1911 1099 1949 albicantibus
1124 1912 1161 1949 in
1188 1912 1348 1963 margine
1383 1912 1501 1949 antico
1534 1913 1745 1956 abdominis,

156 1974 239 2013 cet„
265 1970 301 2006 in
326 1970 447 2019 primis
473 1975 591 2006 autem
615 1970 730 2007 forma
754 1977 924 2021 epigynes,
951 1984 1043 2021 quae
1070 1971 1200 2008 nullam
1227 1971 1491 2008 similitudinem
1517 1984 1598 2008 cum
1623 1972 1750 2022 epigy-

155 2041 201 2064 ne
227 2030 270 2064 L.
292 2030 510 2078 paludicolae
535 2028 651 2066 habet.
707 2031 853 2067 Constat
879 2030 973 2067 enim
1000 2043 1048 2067 ex
1077 2043 1170 2073 area,
1199 2043 1291 2080 quae
1318 2030 1433 2067 foveis
1460 2035 1626 2080 quattuor
1659 2030 1749 2066 obli-

155 2087 242 2136 quis,
269 2087 305 2124 in
332 2087 540 2137 quadratum
566 2088 744 2138 dispositis
773 2093 930 2132 notatur,
959 2094 997 2126 ut
1022 2090 1056 2126 in
1085 2091 1127 2126 L.
1154 2099 1339 2131 amentata,
1367 2089 1425 2125 cui
1461 2089 1565 2125 valde
1603 2089 1749 2137 propin—

154 2158 224 2195 qua
249 2150 311 2188 est,
340 2151 375 2183 et
400 2160 420 2183 a
447 2160 516 2196 qua
542 2147 602 2184 vix
629 2147 693 2184 nisi
730 2147 854 2184 colore
892 2148 1154 2185 intel-noscitur.
1210 2148 1324 2185 Color
1348 2152 1466 2184 autem
1494 2147 1746 2197 nigro—fuscus,

153 2208 191 2241 ut
214 2204 249 2241 in
275 2206 318 2240 L.
341 2207 552 2255 paludicolae,
580 2205 875 2256 cephalothorare
897 2207 933 2243 in
961 2207 1083 2244 medio
1111 2212 1146 2244 et
1172 2220 1280 2257 supra
1305 2206 1484 2257 margines
1510 2206 1747 2257 longitudina-

152 2262 232 2299 liter
255 2264 545 2307 testaceo-fusco,
568 2265 687 2314 paullo
714 2265 1024 2315 albicanti-piloso.

378 2374 436 2423 Sp.
467 2375 521 2411 16.
574 2375 833 2413 PULLATUS.
861 2389 894 2426 p.
924 2377 1004 2412 104.
1033 2375 1083 2412 Pl.
1110 2376 1143 2412 5.
1171 2375 1240 2412 tab.
1271 2376 1302 2412 7.

232 2461 292 2495 Syn.
314 2461 443 2498 Lycosa
465 2463 664 2500 paludicola
686 2464 766 2492 Sund.
790 2466 850 2493 Act.
872 2465 967 2493 Holm.
994 2468 1078 2493 1832.
1101 2474 1126 2502 p.
1153 2467 1216 2493 179.
1240 2467 1283 2495 (ad
1303 2470 1418 2499 partem:
1440 2463 1571 2492 «feminac
1592 2463 1742 2495 minores.»)

311 2509 384 2547 Lyc.
407 2511 599 2544 (Leimonia)
622 2513 757 2549 pullata
780 2515 856 2542 li'och.
878 2514 930 2542 Die
953 2514 1070 2542 Araclin.
1094 2514 1154 2542 XV.
1176 2523 1201 2551 p.
1225 2517 1270 2541 25.
1293 2514 1356 2551 figg.
1383 2516 1587 2542 1431—1433.

312 2558 440 2595 Lycosa
604 2572 616 2585 u
704 2564 793 2589 Westr.
816 2564 877 2590 Act.
900 2563 1019 2591 Gothob.
1048 2566 1131 2591 1851.
1155 2573 1180 2601 p.
1205 2566 1249 2591 53.

653 2617 822 2666 [LycosA
845 2618 1011 2666 pullata
1037 2619 1236 2670 (Clerck)]
