<?xml version="1.0" encoding="UTF-8"?>
<!DOCTYPE html PUBLIC "-//W3C//DTD XHTML 1.0 Transitional//EN"
    "http://www.w3.org/TR/xhtml1/DTD/xhtml1-transitional.dtd">
<html xmlns="http://www.w3.org/1999/xhtml" xml:lang="en" lang="en">
 <head>
  <title>
</title>
<meta http-equiv="Content-Type" content="text/html;charset=utf-8" />
  <meta name='ocr-system' content='tesseract 3.04.00' />
  <meta name='ocr-capabilities' content='ocr_page ocr_carea ocr_par ocr_line ocrx_word'/>
</head>
<body>
  <div class='ocr_page' id='page_1' title='image "./novaactaregiaeso325658kung_0074.png"; bbox 0 0 2435 3188; ppageno 0'>
   <div class='ocr_carea' id='block_1_1' title="bbox 744 268 797 308">
    <p class='ocr_par' dir='ltr' id='par_1_1' title="bbox 744 268 797 308">
     <span class='ocr_line' id='line_1_1' title="bbox 744 268 797 308; baseline 0 0"><span class='ocrx_word' id='word_1_1' title='bbox 744 268 797 308; x_wconf 81' lang='lat'>62</span> 
     </span>
    </p>
   </div>
   <div class='ocr_carea' id='block_1_2' title="bbox 690 371 2281 597">
    <p class='ocr_par' dir='ltr' id='par_1_2' title="bbox 690 371 2281 597">
     <span class='ocr_line' id='line_1_2' title="bbox 691 371 2279 424; baseline 0.001 -16"><span class='ocrx_word' id='word_1_2' title='bbox 691 376 726 408; x_wconf 91' lang='lat' dir='ltr'>et</span> <span class='ocrx_word' id='word_1_3' title='bbox 751 372 873 408; x_wconf 90' lang='lat' dir='ltr'>inutile</span> <span class='ocrx_word' id='word_1_4' title='bbox 899 385 972 408; x_wconf 91' lang='lat' dir='ltr'>non</span> <span class='ocrx_word' id='word_1_5' title='bbox 1000 371 1184 416; x_wconf 82' lang='lat' dir='ltr'>duximus,</span> <span class='ocrx_word' id='word_1_6' title='bbox 1213 385 1361 409; x_wconf 85' lang='lat' dir='ltr'>araneas</span> <span class='ocrx_word' id='word_1_7' title='bbox 1389 372 1550 409; x_wconf 88' lang='lat' dir='ltr'>suecicas</span> <span class='ocrx_word' id='word_1_8' title='bbox 1576 385 1596 408; x_wconf 87' lang='lat' dir='ltr'>a</span> <span class='ocrx_word' id='word_1_9' title='bbox 1623 373 1805 410; x_wconf 86' lang='lat' dir='ltr'>veteribus</span> <span class='ocrx_word' id='word_1_10' title='bbox 1843 373 1973 409; x_wconf 87' lang='lat' dir='ltr'>nostris</span> <span class='ocrx_word' id='word_1_11' title='bbox 2013 372 2279 424; x_wconf 82' lang='lat' dir='ltr'>arachnologis,</span> 
     </span>
     <span class='ocr_line' id='line_1_3' title="bbox 692 431 2281 481; baseline 0.001 -14"><span class='ocrx_word' id='word_1_12' title='bbox 692 432 751 481; x_wconf 91' lang='lat' dir='ltr'>qui</span> <span class='ocrx_word' id='word_1_13' title='bbox 777 436 957 474; x_wconf 86' lang='lat' dir='ltr'>vocantur,</span> <span class='ocrx_word' id='word_1_14' title='bbox 986 432 1181 481; x_wconf 87' lang='lat' dir='ltr'>descriptas</span> <span class='ocrx_word' id='word_1_15' title='bbox 1208 431 1326 467; x_wconf 90' lang='lat' dir='ltr'>animo</span> <span class='ocrx_word' id='word_1_16' title='bbox 1355 431 1580 480; x_wconf 88' lang='lat' dir='ltr'>perlustrare,</span> <span class='ocrx_word' id='word_1_17' title='bbox 1607 431 1736 481; x_wconf 88' lang='lat' dir='ltr'>itaque,</span> <span class='ocrx_word' id='word_1_18' title='bbox 1765 445 1837 481; x_wconf 90' lang='lat' dir='ltr'>quo</span> <span class='ocrx_word' id='word_1_19' title='bbox 1853 432 1998 468; x_wconf 90' lang='lat' dir='ltr'>nomine</span> <span class='ocrx_word' id='word_1_20' title='bbox 2012 444 2176 481; x_wconf 88' lang='lat' dir='ltr'>quaeque</span> <span class='ocrx_word' id='word_1_21' title='bbox 2191 444 2281 468; x_wconf 90' lang='lat' dir='ltr'>nun-</span> 
     </span>
     <span class='ocr_line' id='line_1_4' title="bbox 691 490 2279 539; baseline 0 -13"><span class='ocrx_word' id='word_1_22' title='bbox 691 491 812 539; x_wconf 88' lang='lat' dir='ltr'>cupari</span> <span class='ocrx_word' id='word_1_23' title='bbox 840 490 978 532; x_wconf 89' lang='lat' dir='ltr'>debeat,</span> <span class='ocrx_word' id='word_1_24' title='bbox 1006 490 1067 526; x_wconf 92' lang='lat' dir='ltr'>ubi</span> <span class='ocrx_word' id='word_1_25' title='bbox 1091 490 1323 539; x_wconf 90' lang='lat' dir='ltr'>potuerimus,</span> <span class='ocrx_word' id='word_1_26' title='bbox 1354 494 1524 526; x_wconf 82' lang='lat' dir='ltr'>statuere:</span> <span class='ocrx_word' id='word_1_27' title='bbox 1563 495 1748 538; x_wconf 81' lang='lat' dir='ltr'>sperantes</span> <span class='ocrx_word' id='word_1_28' title='bbox 1787 503 1853 526; x_wconf 90' lang='lat' dir='ltr'>nos</span> <span class='ocrx_word' id='word_1_29' title='bbox 1891 490 1937 526; x_wconf 88' lang='lat' dir='ltr'>ita</span> <span class='ocrx_word' id='word_1_30' title='bbox 1973 490 2124 526; x_wconf 83' lang='lat' dir='ltr'>fortasse</span> <span class='ocrx_word' id='word_1_31' title='bbox 2149 492 2279 538; x_wconf 90' lang='lat' dir='ltr'>jucun-</span> 
     </span>
     <span class='ocr_line' id='line_1_5' title="bbox 690 548 2191 597; baseline 0 -12"><span class='ocrx_word' id='word_1_32' title='bbox 690 549 856 585; x_wconf 89' lang='lat' dir='ltr'>dissimae</span> <span class='ocrx_word' id='word_1_33' title='bbox 880 550 954 592; x_wconf 82' lang='lat' dir='ltr'>arti,</span> <span class='ocrx_word' id='word_1_34' title='bbox 983 549 1039 585; x_wconf 92' lang='lat' dir='ltr'>cui</span> <span class='ocrx_word' id='word_1_35' title='bbox 1065 562 1086 585; x_wconf 87' lang='lat' dir='ltr'>a</span> <span class='ocrx_word' id='word_1_36' title='bbox 1111 548 1231 597; x_wconf 90' lang='lat' dir='ltr'>pueris</span> <span class='ocrx_word' id='word_1_37' title='bbox 1258 548 1366 584; x_wconf 83' lang='lat' dir='ltr'>dediti</span> <span class='ocrx_word' id='word_1_38' title='bbox 1392 548 1531 590; x_wconf 86' lang='lat' dir='ltr'>fuimus,</span> <span class='ocrx_word' id='word_1_39' title='bbox 1559 548 1811 596; x_wconf 84' lang='lat' dir='ltr'>aliquantulum</span> <span class='ocrx_word' id='word_1_40' title='bbox 1839 549 1991 585; x_wconf 76' lang='lat' dir='ltr'>utilitatis</span> <span class='ocrx_word' id='word_1_41' title='bbox 2014 549 2191 585; x_wconf 86' lang='lat' dir='ltr'>allaturos.</span> 
     </span>
    </p>
   </div>
   <div class='ocr_carea' id='block_1_3' title="bbox 680 659 2281 2423">
    <p class='ocr_par' dir='ltr' id='par_1_3' title="bbox 683 659 2281 2423">
     <span class='ocr_line' id='line_1_6' title="bbox 834 659 2280 711; baseline -0.001 -12"><span class='ocrx_word' id='word_1_42' title='bbox 834 663 915 699; x_wconf 91' lang='lat' dir='ltr'>Non</span> <span class='ocrx_word' id='word_1_43' title='bbox 941 675 1029 698; x_wconf 91' lang='lat' dir='ltr'>vero</span> <span class='ocrx_word' id='word_1_44' title='bbox 1057 662 1194 711; x_wconf 76' lang='lat' dir='ltr'>ignoro,</span> <span class='ocrx_word' id='word_1_45' title='bbox 1226 660 1342 696; x_wconf 90' lang='lat' dir='ltr'>multis</span> <span class='ocrx_word' id='word_1_46' title='bbox 1372 663 1407 695; x_wconf 92' lang='lat' dir='ltr'>et</span> <span class='ocrx_word' id='word_1_47' title='bbox 1433 659 1571 707; x_wconf 75' lang='lat' dir='ltr'>magnis</span> <span class='ocrx_word' id='word_1_48' title='bbox 1612 659 1873 696; x_wconf 88' lang='lat' dir='ltr'>difficultatibus</span> <span class='ocrx_word' id='word_1_49' title='bbox 1913 673 1988 696; x_wconf 88' lang='lat' dir='ltr'>rem</span> <span class='ocrx_word' id='word_1_50' title='bbox 2029 675 2109 698; x_wconf 88' lang='lat' dir='ltr'>esse</span> <span class='ocrx_word' id='word_1_51' title='bbox 2138 661 2280 698; x_wconf 87' lang='lat' dir='ltr'>obstru-</span> 
     </span>
     <span class='ocr_line' id='line_1_7' title="bbox 690 718 2280 769; baseline -0.003 -9"><span class='ocrx_word' id='word_1_52' title='bbox 690 730 791 760; x_wconf 89' lang='lat' dir='ltr'>ctam.</span> <span class='ocrx_word' id='word_1_53' title='bbox 844 723 1000 758; x_wconf 90' lang='lat' dir='ltr'>Primum</span> <span class='ocrx_word' id='word_1_54' title='bbox 1030 721 1125 756; x_wconf 87' lang='lat' dir='ltr'>enim</span> <span class='ocrx_word' id='word_1_55' title='bbox 1152 719 1309 755; x_wconf 89' lang='lat' dir='ltr'>omnium</span> <span class='ocrx_word' id='word_1_56' title='bbox 1339 718 1376 754; x_wconf 91' lang='lat' dir='ltr'>id</span> <span class='ocrx_word' id='word_1_57' title='bbox 1402 718 1518 767; x_wconf 92' lang='lat' dir='ltr'>ipsum</span> <span class='ocrx_word' id='word_1_58' title='bbox 1545 718 1723 754; x_wconf 87' lang='lat' dir='ltr'>interdum</span> <span class='ocrx_word' id='word_1_59' title='bbox 1757 718 1967 766; x_wconf 83' lang='lat' dir='ltr'>perdifficile</span> <span class='ocrx_word' id='word_1_60' title='bbox 1993 724 2055 762; x_wconf 86' lang='lat' dir='ltr'>est,</span> <span class='ocrx_word' id='word_1_61' title='bbox 2083 733 2171 769; x_wconf 91' lang='lat' dir='ltr'>quas</span> <span class='ocrx_word' id='word_1_62' title='bbox 2199 733 2280 769; x_wconf 89' lang='lat' dir='ltr'>spe-</span> 
     </span>
     <span class='ocr_line' id='line_1_8' title="bbox 689 776 2279 828; baseline -0.003 -9"><span class='ocrx_word' id='word_1_63' title='bbox 689 783 762 819; x_wconf 86' lang='lat' dir='ltr'>cies</span> <span class='ocrx_word' id='word_1_64' title='bbox 789 781 856 818; x_wconf 89' lang='lat' dir='ltr'>sub</span> <span class='ocrx_word' id='word_1_65' title='bbox 893 780 1019 816; x_wconf 85' lang='lat' dir='ltr'>oculos</span> <span class='ocrx_word' id='word_1_66' title='bbox 1057 778 1244 815; x_wconf 83' lang='lat' dir='ltr'>habuerint</span> <span class='ocrx_word' id='word_1_67' title='bbox 1283 782 1425 813; x_wconf 84' lang='lat' dir='ltr'>veteres</span> <span class='ocrx_word' id='word_1_68' title='bbox 1462 776 1665 825; x_wconf 79' lang='lat' dir='ltr'>scriptores,</span> <span class='ocrx_word' id='word_1_69' title='bbox 1708 789 1774 825; x_wconf 89' lang='lat' dir='ltr'>pro</span> <span class='ocrx_word' id='word_1_70' title='bbox 1816 781 1915 813; x_wconf 89' lang='lat' dir='ltr'>certo</span> <span class='ocrx_word' id='word_1_71' title='bbox 1955 778 2147 821; x_wconf 84' lang='lat' dir='ltr'>affirmare;</span> <span class='ocrx_word' id='word_1_72' title='bbox 2188 791 2279 828; x_wconf 89' lang='lat' dir='ltr'>quae</span> 
     </span>
     <span class='ocr_line' id='line_1_9' title="bbox 691 835 2281 886; baseline -0.003 -9"><span class='ocrx_word' id='word_1_73' title='bbox 691 841 876 878; x_wconf 76' lang='lat' dir='ltr'>difficultas</span> <span class='ocrx_word' id='word_1_74' title='bbox 903 852 951 875; x_wconf 82' lang='lat' dir='ltr'>ex</span> <span class='ocrx_word' id='word_1_75' title='bbox 977 852 1022 874; x_wconf 93' lang='lat' dir='ltr'>eo</span> <span class='ocrx_word' id='word_1_76' title='bbox 1050 837 1262 886; x_wconf 87' lang='lat' dir='ltr'>plerumque</span> <span class='ocrx_word' id='word_1_77' title='bbox 1289 836 1410 878; x_wconf 89' lang='lat' dir='ltr'>oritur,</span> <span class='ocrx_word' id='word_1_78' title='bbox 1439 835 1538 885; x_wconf 87' lang='lat' dir='ltr'>quod</span> <span class='ocrx_word' id='word_1_79' title='bbox 1553 835 1812 884; x_wconf 84' lang='lat' dir='ltr'>descriptiones</span> <span class='ocrx_word' id='word_1_80' title='bbox 1834 836 1937 872; x_wconf 87' lang='lat' dir='ltr'>nimis</span> <span class='ocrx_word' id='word_1_81' title='bbox 1951 837 2081 873; x_wconf 87' lang='lat' dir='ltr'>breves</span> <span class='ocrx_word' id='word_1_82' title='bbox 2098 842 2132 874; x_wconf 90' lang='lat' dir='ltr'>et</span> <span class='ocrx_word' id='word_1_83' title='bbox 2150 838 2281 886; x_wconf 89' lang='lat' dir='ltr'>imper-</span> 
     </span>
     <span class='ocr_line' id='line_1_10' title="bbox 689 894 2281 945; baseline -0.003 -9"><span class='ocrx_word' id='word_1_84' title='bbox 689 901 802 937; x_wconf 79' lang='lat' dir='ltr'>fectae</span> <span class='ocrx_word' id='word_1_85' title='bbox 833 903 923 940; x_wconf 84' lang='lat' dir='ltr'>sunt,</span> <span class='ocrx_word' id='word_1_86' title='bbox 948 898 1084 943; x_wconf 73' lang='lat' dir='ltr'>figurae</span> <span class='ocrx_word' id='word_1_87' title='bbox 1111 900 1245 937; x_wconf 87' lang='lat' dir='ltr'>autem,</span> <span class='ocrx_word' id='word_1_88' title='bbox 1284 895 1314 931; x_wconf 88' lang='lat' dir='ltr'>si</span> <span class='ocrx_word' id='word_1_89' title='bbox 1341 907 1433 943; x_wconf 88' lang='lat' dir='ltr'>quae</span> <span class='ocrx_word' id='word_1_90' title='bbox 1460 894 1648 936; x_wconf 86' lang='lat' dir='ltr'>adduntur,</span> <span class='ocrx_word' id='word_1_91' title='bbox 1676 894 1833 930; x_wconf 80' lang='lat' dir='ltr'>vitiosae.</span> <span class='ocrx_word' id='word_1_92' title='bbox 1889 896 1992 940; x_wconf 83' lang='lat' dir='ltr'>Quae</span> <span class='ocrx_word' id='word_1_93' title='bbox 2020 896 2281 945; x_wconf 85' lang='lat' dir='ltr'>descriptiones</span> 
     </span>
     <span class='ocr_line' id='line_1_11' title="bbox 688 945 2281 1007; baseline -0.004 -11"><span class='ocrx_word' id='word_1_94' title='bbox 688 961 729 996; x_wconf 87' lang='lat' dir='ltr'>iis</span> <span class='ocrx_word' id='word_1_95' title='bbox 756 945 987 1007; x_wconf 67' lang='lat' dir='ltr'>temporibus,</span> <span class='ocrx_word' id='word_1_96' title='bbox 1015 968 1124 1005; x_wconf 90' lang='lat' dir='ltr'>quum</span> <span class='ocrx_word' id='word_1_97' title='bbox 1151 966 1288 1003; x_wconf 81' lang='lat' dir='ltr'>paucae</span> <span class='ocrx_word' id='word_1_98' title='bbox 1321 958 1453 990; x_wconf 86' lang='lat' dir='ltr'>tantum</span> <span class='ocrx_word' id='word_1_99' title='bbox 1487 953 1628 1002; x_wconf 83' lang='lat' dir='ltr'>species</span> <span class='ocrx_word' id='word_1_100' title='bbox 1656 953 1819 1002; x_wconf 74' lang='lat' dir='ltr'>cognitae</span> <span class='ocrx_word' id='word_1_101' title='bbox 1848 959 1977 997; x_wconf 87' lang='lat' dir='ltr'>essent,</span> <span class='ocrx_word' id='word_1_102' title='bbox 2016 955 2098 991; x_wconf 89' lang='lat' dir='ltr'>satis</span> <span class='ocrx_word' id='word_1_103' title='bbox 2133 954 2281 991; x_wconf 86' lang='lat' dir='ltr'>forsitan</span> 
     </span>
     <span class='ocr_line' id='line_1_12' title="bbox 687 1012 2279 1064; baseline -0.004 -9"><span class='ocrx_word' id='word_1_104' title='bbox 687 1020 840 1056; x_wconf 80' lang='lat' dir='ltr'>idoneae</span> <span class='ocrx_word' id='word_1_105' title='bbox 864 1016 1006 1052; x_wconf 86' lang='lat' dir='ltr'>fuerint:</span> <span class='ocrx_word' id='word_1_106' title='bbox 1034 1021 1223 1064; x_wconf 87' lang='lat' dir='ltr'>postquam</span> <span class='ocrx_word' id='word_1_107' title='bbox 1261 1017 1379 1048; x_wconf 78' lang='lat' dir='ltr'>antelli</span> <span class='ocrx_word' id='word_1_108' title='bbox 1420 1025 1547 1048; x_wconf 90' lang='lat' dir='ltr'>omnes</span> <span class='ocrx_word' id='word_1_109' title='bbox 1574 1012 1767 1054; x_wconf 85' lang='lat' dir='ltr'>doctrinae,</span> <span class='ocrx_word' id='word_1_110' title='bbox 1810 1026 1902 1062; x_wconf 85' lang='lat' dir='ltr'>quae</span> <span class='ocrx_word' id='word_1_111' title='bbox 1938 1013 1973 1049; x_wconf 92' lang='lat' dir='ltr'>in</span> <span class='ocrx_word' id='word_1_112' title='bbox 1998 1013 2107 1049; x_wconf 88' lang='lat' dir='ltr'>rebus</span> <span class='ocrx_word' id='word_1_113' title='bbox 2133 1018 2279 1050; x_wconf 89' lang='lat' dir='ltr'>naturae</span> 
     </span>
     <span class='ocr_line' id='line_1_13' title="bbox 688 1071 2280 1128; baseline -0.004 -14"><span class='ocrx_word' id='word_1_114' title='bbox 688 1075 951 1128; x_wconf 88' lang='lat' dir='ltr'>perscrutandis</span> <span class='ocrx_word' id='word_1_115' title='bbox 978 1078 1172 1115; x_wconf 87' lang='lat' dir='ltr'>versantur,</span> <span class='ocrx_word' id='word_1_116' title='bbox 1199 1071 1399 1108; x_wconf 84' lang='lat' dir='ltr'>incredibili</span> <span class='ocrx_word' id='word_1_117' title='bbox 1429 1072 1539 1107; x_wconf 93' lang='lat' dir='ltr'>modo</span> <span class='ocrx_word' id='word_1_118' title='bbox 1566 1076 1828 1120; x_wconf 79' lang='lat' dir='ltr'>processerunt,</span> <span class='ocrx_word' id='word_1_119' title='bbox 1858 1076 1892 1108; x_wconf 90' lang='lat' dir='ltr'>et</span> <span class='ocrx_word' id='word_1_120' title='bbox 1920 1072 2046 1122; x_wconf 78' lang='lat' dir='ltr'>ingens</span> <span class='ocrx_word' id='word_1_121' title='bbox 2070 1072 2122 1108; x_wconf 91' lang='lat' dir='ltr'>vis</span> <span class='ocrx_word' id='word_1_122' title='bbox 2148 1072 2280 1108; x_wconf 87' lang='lat' dir='ltr'>forma—</span> 
     </span>
     <span class='ocr_line' id='line_1_14' title="bbox 686 1129 2280 1178; baseline -0.004 -5"><span class='ocrx_word' id='word_1_123' title='bbox 686 1150 773 1178; x_wconf 88' lang='lat' dir='ltr'>rum,</span> <span class='ocrx_word' id='word_1_124' title='bbox 803 1140 839 1171; x_wconf 88' lang='lat' dir='ltr'>ut</span> <span class='ocrx_word' id='word_1_125' title='bbox 864 1147 911 1170; x_wconf 82' lang='lat' dir='ltr'>ex</span> <span class='ocrx_word' id='word_1_126' title='bbox 941 1133 1107 1169; x_wconf 87' lang='lat' dir='ltr'>omnibus</span> <span class='ocrx_word' id='word_1_127' title='bbox 1133 1132 1209 1168; x_wconf 84' lang='lat' dir='ltr'>fere</span> <span class='ocrx_word' id='word_1_128' title='bbox 1239 1130 1412 1167; x_wconf 84' lang='lat' dir='ltr'>classibus</span> <span class='ocrx_word' id='word_1_129' title='bbox 1439 1134 1474 1166; x_wconf 89' lang='lat' dir='ltr'>et</span> <span class='ocrx_word' id='word_1_130' title='bbox 1500 1129 1686 1166; x_wconf 88' lang='lat' dir='ltr'>ordinibus</span> <span class='ocrx_word' id='word_1_131' title='bbox 1713 1130 1958 1172; x_wconf 89' lang='lat' dir='ltr'>animantium,</span> <span class='ocrx_word' id='word_1_132' title='bbox 1990 1135 2062 1167; x_wconf 90' lang='lat' dir='ltr'>tum</span> <span class='ocrx_word' id='word_1_133' title='bbox 2096 1132 2200 1168; x_wconf 88' lang='lat' dir='ltr'>etiam</span> <span class='ocrx_word' id='word_1_134' title='bbox 2231 1144 2280 1167; x_wconf 84' lang='lat' dir='ltr'>ex</span> 
     </span>
     <span class='ocr_line' id='line_1_15' title="bbox 689 1188 2280 1238; baseline -0.004 -6"><span class='ocrx_word' id='word_1_135' title='bbox 689 1196 814 1232; x_wconf 87' lang='lat' dir='ltr'>ordine</span> <span class='ocrx_word' id='word_1_136' title='bbox 842 1205 1050 1229; x_wconf 87' lang='lat' dir='ltr'>aranearum</span> <span class='ocrx_word' id='word_1_137' title='bbox 1077 1191 1242 1227; x_wconf 87' lang='lat' dir='ltr'>inventae</span> <span class='ocrx_word' id='word_1_138' title='bbox 1281 1194 1370 1230; x_wconf 89' lang='lat' dir='ltr'>sunt,</span> <span class='ocrx_word' id='word_1_139' title='bbox 1411 1188 1591 1238; x_wconf 83' lang='lat' dir='ltr'>pristinam</span> <span class='ocrx_word' id='word_1_140' title='bbox 1632 1188 1859 1225; x_wconf 80' lang='lat' dir='ltr'>subtilitatem</span> <span class='ocrx_word' id='word_1_141' title='bbox 1888 1190 2090 1232; x_wconf 88' lang='lat' dir='ltr'>amiserunt,</span> <span class='ocrx_word' id='word_1_142' title='bbox 2125 1194 2160 1226; x_wconf 90' lang='lat' dir='ltr'>ut</span> <span class='ocrx_word' id='word_1_143' title='bbox 2186 1202 2280 1226; x_wconf 91' lang='lat' dir='ltr'>nunc</span> 
     </span>
     <span class='ocr_line' id='line_1_16' title="bbox 688 1248 2279 1303; baseline -0.004 -12"><span class='ocrx_word' id='word_1_144' title='bbox 688 1253 930 1303; x_wconf 86' lang='lat' dir='ltr'>compluribus</span> <span class='ocrx_word' id='word_1_145' title='bbox 957 1251 1080 1287; x_wconf 85' lang='lat' dir='ltr'>formis</span> <span class='ocrx_word' id='word_1_146' title='bbox 1108 1249 1258 1285; x_wconf 84' lang='lat' dir='ltr'>diversis</span> <span class='ocrx_word' id='word_1_147' title='bbox 1297 1248 1428 1298; x_wconf 86' lang='lat' dir='ltr'>pariter</span> <span class='ocrx_word' id='word_1_148' title='bbox 1467 1261 1576 1296; x_wconf 81' lang='lat' dir='ltr'>saepe</span> <span class='ocrx_word' id='word_1_149' title='bbox 1609 1248 1836 1289; x_wconf 81' lang='lat' dir='ltr'>conveniant,</span> <span class='ocrx_word' id='word_1_150' title='bbox 1874 1261 2023 1297; x_wconf 90' lang='lat' dir='ltr'>quarum</span> <span class='ocrx_word' id='word_1_151' title='bbox 2050 1261 2141 1298; x_wconf 89' lang='lat' dir='ltr'>quae</span> <span class='ocrx_word' id='word_1_152' title='bbox 2170 1248 2279 1284; x_wconf 88' lang='lat' dir='ltr'>veteri</span> 
     </span>
     <span class='ocr_line' id='line_1_17' title="bbox 687 1306 2277 1360; baseline -0.006 -9"><span class='ocrx_word' id='word_1_153' title='bbox 687 1314 832 1351; x_wconf 89' lang='lat' dir='ltr'>nomine</span> <span class='ocrx_word' id='word_1_154' title='bbox 871 1309 1050 1360; x_wconf 79' lang='lat' dir='ltr'>designari</span> <span class='ocrx_word' id='word_1_155' title='bbox 1077 1308 1215 1350; x_wconf 83' lang='lat' dir='ltr'>debeat,</span> <span class='ocrx_word' id='word_1_156' title='bbox 1253 1320 1401 1356; x_wconf 85' lang='lat' dir='ltr'>prorsus</span> <span class='ocrx_word' id='word_1_157' title='bbox 1432 1307 1466 1343; x_wconf 91' lang='lat' dir='ltr'>in</span> <span class='ocrx_word' id='word_1_158' title='bbox 1502 1307 1612 1342; x_wconf 89' lang='lat' dir='ltr'>dubio</span> <span class='ocrx_word' id='word_1_159' title='bbox 1646 1306 1808 1342; x_wconf 85' lang='lat' dir='ltr'>relictum</span> <span class='ocrx_word' id='word_1_160' title='bbox 1842 1307 1989 1343; x_wconf 87' lang='lat' dir='ltr'>videtur.</span> <span class='ocrx_word' id='word_1_161' title='bbox 2058 1308 2165 1343; x_wconf 88' lang='lat' dir='ltr'>Hunc</span> <span class='ocrx_word' id='word_1_162' title='bbox 2189 1320 2277 1343; x_wconf 91' lang='lat' dir='ltr'>vero</span> 
     </span>
     <span class='ocr_line' id='line_1_18' title="bbox 686 1365 2278 1419; baseline -0.004 -10"><span class='ocrx_word' id='word_1_163' title='bbox 686 1373 821 1410; x_wconf 90' lang='lat' dir='ltr'>nodum</span> <span class='ocrx_word' id='word_1_164' title='bbox 849 1371 878 1406; x_wconf 86' lang='lat' dir='ltr'>si</span> <span class='ocrx_word' id='word_1_165' title='bbox 901 1369 1075 1419; x_wconf 83' lang='lat' dir='ltr'>expedire</span> <span class='ocrx_word' id='word_1_166' title='bbox 1101 1367 1275 1408; x_wconf 89' lang='lat' dir='ltr'>volumus,</span> <span class='ocrx_word' id='word_1_167' title='bbox 1303 1366 1450 1402; x_wconf 85' lang='lat' dir='ltr'>maximi</span> <span class='ocrx_word' id='word_1_168' title='bbox 1475 1365 1580 1402; x_wconf 88' lang='lat' dir='ltr'>nobis</span> <span class='ocrx_word' id='word_1_169' title='bbox 1599 1378 1679 1401; x_wconf 88' lang='lat' dir='ltr'>esse</span> <span class='ocrx_word' id='word_1_170' title='bbox 1703 1366 1875 1401; x_wconf 88' lang='lat' dir='ltr'>momenti</span> <span class='ocrx_word' id='word_1_171' title='bbox 1902 1366 2116 1402; x_wconf 87' lang='lat' dir='ltr'>crediderim</span> <span class='ocrx_word' id='word_1_172' title='bbox 2138 1366 2278 1415; x_wconf 80' lang='lat' dir='ltr'>penitus</span> 
     </span>
     <span class='ocr_line' id='line_1_19' title="bbox 686 1424 2281 1477; baseline -0.004 -9"><span class='ocrx_word' id='word_1_173' title='bbox 686 1431 913 1477; x_wconf 64' lang='lat' dir='ltr'>cog-novisse,</span> <span class='ocrx_word' id='word_1_174' title='bbox 941 1441 1033 1477; x_wconf 91' lang='lat' dir='ltr'>quae</span> <span class='ocrx_word' id='word_1_175' title='bbox 1061 1426 1198 1462; x_wconf 90' lang='lat' dir='ltr'>formae</span> <span class='ocrx_word' id='word_1_176' title='bbox 1224 1426 1259 1461; x_wconf 92' lang='lat' dir='ltr'>in</span> <span class='ocrx_word' id='word_1_177' title='bbox 1284 1426 1326 1461; x_wconf 91' lang='lat' dir='ltr'>iis</span> <span class='ocrx_word' id='word_1_178' title='bbox 1353 1424 1561 1474; x_wconf 77' lang='lat' dir='ltr'>regionibus</span> <span class='ocrx_word' id='word_1_179' title='bbox 1595 1424 1791 1474; x_wconf 72' lang='lat' dir='ltr'>gignantur,</span> <span class='ocrx_word' id='word_1_180' title='bbox 1818 1424 1877 1460; x_wconf 89' lang='lat' dir='ltr'>ubi</span> <span class='ocrx_word' id='word_1_181' title='bbox 1904 1425 2032 1461; x_wconf 85' lang='lat' dir='ltr'>vixerit</span> <span class='ocrx_word' id='word_1_182' title='bbox 2059 1430 2094 1461; x_wconf 90' lang='lat' dir='ltr'>et</span> <span class='ocrx_word' id='word_1_183' title='bbox 2119 1425 2281 1461; x_wconf 82' lang='lat' dir='ltr'>animalia</span> 
     </span>
     <span class='ocr_line' id='line_1_20' title="bbox 687 1483 2279 1537; baseline -0.004 -10"><span class='ocrx_word' id='word_1_184' title='bbox 687 1489 870 1537; x_wconf 68' lang='lat' dir='ltr'>collegerit</span> <span class='ocrx_word' id='word_1_185' title='bbox 894 1488 1060 1536; x_wconf 85' lang='lat' dir='ltr'>scriptor,</span> <span class='ocrx_word' id='word_1_186' title='bbox 1094 1487 1197 1533; x_wconf 84' lang='lat' dir='ltr'>cujus</span> <span class='ocrx_word' id='word_1_187' title='bbox 1224 1484 1365 1533; x_wconf 86' lang='lat' dir='ltr'>species</span> <span class='ocrx_word' id='word_1_188' title='bbox 1398 1484 1466 1519; x_wconf 82' lang='lat' dir='ltr'>sint</span> <span class='ocrx_word' id='word_1_189' title='bbox 1499 1484 1741 1520; x_wconf 81' lang='lat' dir='ltr'>definiendae:</span> <span class='ocrx_word' id='word_1_190' title='bbox 1782 1483 1940 1519; x_wconf 77' lang='lat' dir='ltr'>exclusis</span> <span class='ocrx_word' id='word_1_191' title='bbox 1968 1484 2062 1520; x_wconf 91' lang='lat' dir='ltr'>enim</span> <span class='ocrx_word' id='word_1_192' title='bbox 2095 1484 2279 1527; x_wconf 87' lang='lat' dir='ltr'>omnibus,</span> 
     </span>
     <span class='ocr_line' id='line_1_21' title="bbox 686 1542 2280 1600; baseline -0.004 -14"><span class='ocrx_word' id='word_1_193' title='bbox 686 1562 777 1600; x_wconf 89' lang='lat' dir='ltr'>quae</span> <span class='ocrx_word' id='word_1_194' title='bbox 804 1548 853 1584; x_wconf 91' lang='lat' dir='ltr'>ibi</span> <span class='ocrx_word' id='word_1_195' title='bbox 872 1560 945 1583; x_wconf 89' lang='lat' dir='ltr'>non</span> <span class='ocrx_word' id='word_1_196' title='bbox 970 1545 1205 1594; x_wconf 86' lang='lat' dir='ltr'>reperiuntur,</span> <span class='ocrx_word' id='word_1_197' title='bbox 1233 1544 1279 1579; x_wconf 88' lang='lat' dir='ltr'>ita</span> <span class='ocrx_word' id='word_1_198' title='bbox 1302 1555 1410 1591; x_wconf 86' lang='lat' dir='ltr'>saepe</span> <span class='ocrx_word' id='word_1_199' title='bbox 1437 1542 1605 1578; x_wconf 84' lang='lat' dir='ltr'>minuitur</span> <span class='ocrx_word' id='word_1_200' title='bbox 1631 1547 1665 1578; x_wconf 83' lang='lat' dir='ltr'>et</span> <span class='ocrx_word' id='word_1_201' title='bbox 1692 1542 1992 1578; x_wconf 88' lang='lat' dir='ltr'>circumscribitur</span> <span class='ocrx_word' id='word_1_202' title='bbox 2018 1556 2189 1579; x_wconf 84' lang='lat' dir='ltr'>numerus</span> <span class='ocrx_word' id='word_1_203' title='bbox 2208 1543 2280 1579; x_wconf 90' lang='lat' dir='ltr'>for-</span> 
     </span>
     <span class='ocr_line' id='line_1_22' title="bbox 687 1601 2281 1654; baseline -0.004 -9"><span class='ocrx_word' id='word_1_204' title='bbox 687 1621 833 1649; x_wconf 89' lang='lat' dir='ltr'>marum,</span> <span class='ocrx_word' id='word_1_205' title='bbox 862 1607 898 1642; x_wconf 92' lang='lat' dir='ltr'>in</span> <span class='ocrx_word' id='word_1_206' title='bbox 921 1605 1050 1654; x_wconf 87' lang='lat' dir='ltr'>quibus</span> <span class='ocrx_word' id='word_1_207' title='bbox 1078 1603 1266 1644; x_wconf 83' lang='lat' dir='ltr'>dubitetur,</span> <span class='ocrx_word' id='word_1_208' title='bbox 1296 1607 1331 1638; x_wconf 91' lang='lat' dir='ltr'>ut</span> <span class='ocrx_word' id='word_1_209' title='bbox 1357 1602 1453 1637; x_wconf 91' lang='lat' dir='ltr'>nullo</span> <span class='ocrx_word' id='word_1_210' title='bbox 1481 1602 1657 1637; x_wconf 86' lang='lat' dir='ltr'>interdum</span> <span class='ocrx_word' id='word_1_211' title='bbox 1685 1601 1831 1650; x_wconf 76' lang='lat' dir='ltr'>negotio</span> <span class='ocrx_word' id='word_1_212' title='bbox 1865 1615 1950 1637; x_wconf 75' lang='lat' dir='ltr'>vere</span> <span class='ocrx_word' id='word_1_213' title='bbox 1976 1602 2139 1649; x_wconf 84' lang='lat' dir='ltr'>judicare</span> <span class='ocrx_word' id='word_1_214' title='bbox 2166 1602 2281 1651; x_wconf 87' lang='lat' dir='ltr'>possi-</span> 
     </span>
     <span class='ocr_line' id='line_1_23' title="bbox 687 1660 2278 1713; baseline -0.004 -9"><span class='ocrx_word' id='word_1_215' title='bbox 687 1681 775 1704; x_wconf 90' lang='lat' dir='ltr'>mus.</span> <span class='ocrx_word' id='word_1_216' title='bbox 827 1666 959 1702; x_wconf 84' lang='lat' dir='ltr'>Fateor</span> <span class='ocrx_word' id='word_1_217' title='bbox 992 1663 1147 1713; x_wconf 81' lang='lat' dir='ltr'>quidem,</span> <span class='ocrx_word' id='word_1_218' title='bbox 1183 1662 1217 1697; x_wconf 92' lang='lat' dir='ltr'>in</span> <span class='ocrx_word' id='word_1_219' title='bbox 1252 1660 1305 1697; x_wconf 90' lang='lat' dir='ltr'>his</span> <span class='ocrx_word' id='word_1_220' title='bbox 1333 1661 1442 1697; x_wconf 90' lang='lat' dir='ltr'>rebus</span> <span class='ocrx_word' id='word_1_221' title='bbox 1468 1660 1682 1710; x_wconf 74' lang='lat' dir='ltr'>diligentiam</span> <span class='ocrx_word' id='word_1_222' title='bbox 1710 1665 1744 1696; x_wconf 89' lang='lat' dir='ltr'>et</span> <span class='ocrx_word' id='word_1_223' title='bbox 1771 1660 1973 1696; x_wconf 85' lang='lat' dir='ltr'>cautionem</span> <span class='ocrx_word' id='word_1_224' title='bbox 1998 1673 2079 1696; x_wconf 87' lang='lat' dir='ltr'>esse</span> <span class='ocrx_word' id='word_1_225' title='bbox 2107 1661 2278 1698; x_wconf 88' lang='lat' dir='ltr'>adhiben-</span> 
     </span>
     <span class='ocr_line' id='line_1_24' title="bbox 686 1718 2279 1775; baseline -0.005 -11"><span class='ocrx_word' id='word_1_226' title='bbox 686 1728 765 1764; x_wconf 86' lang='lat' dir='ltr'>das:</span> <span class='ocrx_word' id='word_1_227' title='bbox 795 1736 1008 1775; x_wconf 83' lang='lat' dir='ltr'>quamquam</span> <span class='ocrx_word' id='word_1_228' title='bbox 1035 1722 1247 1771; x_wconf 87' lang='lat' dir='ltr'>plerumque</span> <span class='ocrx_word' id='word_1_229' title='bbox 1274 1733 1398 1769; x_wconf 87' lang='lat' dir='ltr'>parum</span> <span class='ocrx_word' id='word_1_230' title='bbox 1424 1718 1615 1755; x_wconf 82' lang='lat' dir='ltr'>verisimile</span> <span class='ocrx_word' id='word_1_231' title='bbox 1643 1724 1704 1761; x_wconf 85' lang='lat' dir='ltr'>est,</span> <span class='ocrx_word' id='word_1_232' title='bbox 1732 1719 1901 1761; x_wconf 87' lang='lat' dir='ltr'>Faunam,</span> <span class='ocrx_word' id='word_1_233' title='bbox 1929 1732 2020 1768; x_wconf 89' lang='lat' dir='ltr'>quae</span> <span class='ocrx_word' id='word_1_234' title='bbox 2048 1719 2181 1762; x_wconf 90' lang='lat' dir='ltr'>dicitur,</span> <span class='ocrx_word' id='word_1_235' title='bbox 2222 1733 2279 1757; x_wconf 89' lang='lat' dir='ltr'>re-</span> 
     </span>
     <span class='ocr_line' id='line_1_25' title="bbox 684 1777 2278 1836; baseline -0.004 -14"><span class='ocrx_word' id='word_1_236' title='bbox 684 1785 801 1836; x_wconf 77' lang='lat' dir='ltr'>gionis</span> <span class='ocrx_word' id='word_1_237' title='bbox 826 1783 1021 1832; x_wconf 86' lang='lat' dir='ltr'>cujusdam,</span> <span class='ocrx_word' id='word_1_238' title='bbox 1051 1781 1150 1831; x_wconf 90' lang='lat' dir='ltr'>quod</span> <span class='ocrx_word' id='word_1_239' title='bbox 1177 1780 1221 1816; x_wconf 87' lang='lat' dir='ltr'>ad</span> <span class='ocrx_word' id='word_1_240' title='bbox 1249 1779 1410 1815; x_wconf 84' lang='lat' dir='ltr'>animalia</span> <span class='ocrx_word' id='word_1_241' title='bbox 1437 1778 1561 1814; x_wconf 84' lang='lat' dir='ltr'>saltem</span> <span class='ocrx_word' id='word_1_242' title='bbox 1583 1777 1751 1814; x_wconf 89' lang='lat' dir='ltr'>inferiora</span> <span class='ocrx_word' id='word_1_243' title='bbox 1779 1779 1906 1820; x_wconf 82' lang='lat' dir='ltr'>attinet,</span> <span class='ocrx_word' id='word_1_244' title='bbox 1931 1779 2020 1814; x_wconf 86' lang='lat' dir='ltr'>intra</span> <span class='ocrx_word' id='word_1_245' title='bbox 2045 1783 2186 1814; x_wconf 92' lang='lat' dir='ltr'>centum</span> <span class='ocrx_word' id='word_1_246' title='bbox 2211 1779 2278 1815; x_wconf 88' lang='lat' dir='ltr'>cir-</span> 
     </span>
     <span class='ocr_line' id='line_1_26' title="bbox 687 1837 2277 1890; baseline -0.004 -9"><span class='ocrx_word' id='word_1_247' title='bbox 687 1845 774 1881; x_wconf 87' lang='lat' dir='ltr'>citer</span> <span class='ocrx_word' id='word_1_248' title='bbox 797 1855 972 1880; x_wconf 89' lang='lat' dir='ltr'>annorum</span> <span class='ocrx_word' id='word_1_249' title='bbox 998 1840 1149 1890; x_wconf 88' lang='lat' dir='ltr'>spatium</span> <span class='ocrx_word' id='word_1_250' title='bbox 1177 1839 1240 1887; x_wconf 90' lang='lat' dir='ltr'>(de</span> <span class='ocrx_word' id='word_1_251' title='bbox 1267 1838 1430 1887; x_wconf 77' lang='lat' dir='ltr'>longiore</span> <span class='ocrx_word' id='word_1_252' title='bbox 1455 1837 1549 1873; x_wconf 91' lang='lat' dir='ltr'>enim</span> <span class='ocrx_word' id='word_1_253' title='bbox 1577 1837 1748 1886; x_wconf 85' lang='lat' dir='ltr'>temporis</span> <span class='ocrx_word' id='word_1_254' title='bbox 1775 1837 1959 1873; x_wconf 70' lang='lat' dir='ltr'>intervallo</span> <span class='ocrx_word' id='word_1_255' title='bbox 1976 1837 2122 1873; x_wconf 86' lang='lat' dir='ltr'>hicnon</span> <span class='ocrx_word' id='word_1_256' title='bbox 2147 1838 2277 1888; x_wconf 80' lang='lat' dir='ltr'>agitur)</span> 
     </span>
     <span class='ocr_line' id='line_1_27' title="bbox 684 1896 2278 1948; baseline -0.004 -8"><span class='ocrx_word' id='word_1_257' title='bbox 684 1903 868 1948; x_wconf 60' lang='lat' dir='ltr'>graviores</span> <span class='ocrx_word' id='word_1_258' title='bbox 883 1899 1180 1937; x_wconf 89' lang='lat' dir='ltr'>commutationes</span> <span class='ocrx_word' id='word_1_259' title='bbox 1194 1896 1361 1933; x_wconf 88' lang='lat' dir='ltr'>habuisse</span> <span class='ocrx_word' id='word_1_260' title='bbox 1375 1898 1417 1945; x_wconf 64' lang='lat'>⁸).</span> <span class='ocrx_word' id='word_1_261' title='bbox 1448 1919 1492 1924; x_wconf 94' lang='lat'>—</span> <span class='ocrx_word' id='word_1_262' title='bbox 1522 1897 1578 1938; x_wconf 83' lang='lat' dir='ltr'>At,</span> <span class='ocrx_word' id='word_1_263' title='bbox 1605 1896 1633 1931; x_wconf 83' lang='lat' dir='ltr'>si</span> <span class='ocrx_word' id='word_1_264' title='bbox 1665 1909 1733 1945; x_wconf 91' lang='lat' dir='ltr'>qua</span> <span class='ocrx_word' id='word_1_265' title='bbox 1756 1896 1958 1945; x_wconf 87' lang='lat' dir='ltr'>descriptio,</span> <span class='ocrx_word' id='word_1_266' title='bbox 1987 1896 2068 1932; x_wconf 86' lang='lat' dir='ltr'>licet</span> <span class='ocrx_word' id='word_1_267' title='bbox 2081 1896 2278 1933; x_wconf 87' lang='lat' dir='ltr'>hocmodo</span> 
     </span>
     <span class='ocr_line' id='line_1_28' title="bbox 683 1953 2276 2007; baseline -0.004 -8"><span class='ocrx_word' id='word_1_268' title='bbox 683 1953 774 1999; x_wconf 85' lang='lat' dir='ltr'>intra</span> <span class='ocrx_word' id='word_1_269' title='bbox 798 1960 970 1998; x_wconf 86' lang='lat' dir='ltr'>terminos</span> <span class='ocrx_word' id='word_1_270' title='bbox 999 1958 1174 2007; x_wconf 91' lang='lat' dir='ltr'>quosdam</span> <span class='ocrx_word' id='word_1_271' title='bbox 1201 1957 1364 1997; x_wconf 79' lang='lat' dir='ltr'>coercita,</span> <span class='ocrx_word' id='word_1_272' title='bbox 1399 1960 1517 1991; x_wconf 89' lang='lat' dir='ltr'>tamen</span> <span class='ocrx_word' id='word_1_273' title='bbox 1544 1957 1579 1992; x_wconf 90' lang='lat' dir='ltr'>in</span> <span class='ocrx_word' id='word_1_274' title='bbox 1608 1955 1695 1990; x_wconf 83' lang='lat' dir='ltr'>(luas</span> <span class='ocrx_word' id='word_1_275' title='bbox 1730 1955 1786 1991; x_wconf 70' lang='lat' dir='ltr'>xel</span> <span class='ocrx_word' id='word_1_276' title='bbox 1825 1955 1944 2004; x_wconf 90' lang='lat' dir='ltr'>plures</span> <span class='ocrx_word' id='word_1_277' title='bbox 1982 1955 2122 2004; x_wconf 87' lang='lat' dir='ltr'>specics</span> <span class='ocrx_word' id='word_1_278' title='bbox 2160 1968 2276 2005; x_wconf 84' lang='lat' dir='ltr'>aeque</span> 
     </span>
     <span class='ocr_line' id='line_1_29' title="bbox 686 2014 2277 2071; baseline -0.003 -14"><span class='ocrx_word' id='word_1_279' title='bbox 686 2021 842 2071; x_wconf 86' lang='lat' dir='ltr'>quadrat,</span> <span class='ocrx_word' id='word_1_280' title='bbox 871 2032 939 2056; x_wconf 90' lang='lat' dir='ltr'>nec</span> <span class='ocrx_word' id='word_1_281' title='bbox 964 2017 1146 2066; x_wconf 83' lang='lat' dir='ltr'>scriptmis</span> <span class='ocrx_word' id='word_1_282' title='bbox 1186 2015 1297 2051; x_wconf 89' lang='lat' dir='ltr'>verba</span> <span class='ocrx_word' id='word_1_283' title='bbox 1324 2014 1380 2050; x_wconf 89' lang='lat' dir='ltr'>vel</span> <span class='ocrx_word' id='word_1_284' title='bbox 1406 2014 1542 2063; x_wconf 77' lang='lat' dir='ltr'>figurae</span> <span class='ocrx_word' id='word_1_285' title='bbox 1570 2014 1675 2049; x_wconf 84' lang='lat' dir='ltr'>ullam</span> <span class='ocrx_word' id='word_1_286' title='bbox 1702 2027 1823 2050; x_wconf 86' lang='lat' dir='ltr'>ansam</span> <span class='ocrx_word' id='word_1_287' title='bbox 1851 2014 1896 2050; x_wconf 91' lang='lat' dir='ltr'>ad</span> <span class='ocrx_word' id='word_1_288' title='bbox 1925 2027 2030 2050; x_wconf 91' lang='lat' dir='ltr'>unam</span> <span class='ocrx_word' id='word_1_289' title='bbox 2060 2027 2192 2057; x_wconf 88' lang='lat' dir='ltr'>earum,</span> <span class='ocrx_word' id='word_1_290' title='bbox 2220 2029 2277 2052; x_wconf 91' lang='lat' dir='ltr'>re-</span> 
     </span>
     <span class='ocr_line' id='line_1_30' title="bbox 680 2073 2276 2129; baseline -0.004 -11.985"><span class='ocrx_word' id='word_1_291' title='bbox 680 2081 785 2129; x_wconf 87' lang='lat' dir='ltr'>jectis</span> <span class='ocrx_word' id='word_1_292' title='bbox 814 2079 897 2120; x_wconf 84' lang='lat' dir='ltr'>aliis,</span> <span class='ocrx_word' id='word_1_293' title='bbox 925 2076 1126 2127; x_wconf 79' lang='lat' dir='ltr'>eligendam</span> <span class='ocrx_word' id='word_1_294' title='bbox 1148 2075 1431 2124; x_wconf 83' lang='lat' dir='ltr'>praebent;11ec</span> <span class='ocrx_word' id='word_1_295' title='bbox 1459 2073 1615 2122; x_wconf 88' lang='lat' dir='ltr'>denique</span> <span class='ocrx_word' id='word_1_296' title='bbox 1649 2073 1692 2108; x_wconf 88' lang='lat' dir='ltr'>ab</span> <span class='ocrx_word' id='word_1_297' title='bbox 1719 2073 1885 2109; x_wconf 88' lang='lat' dir='ltr'>omnibus</span> <span class='ocrx_word' id='word_1_298' title='bbox 1913 2079 2096 2122; x_wconf 86' lang='lat' dir='ltr'>receptum</span> <span class='ocrx_word' id='word_1_299' title='bbox 2123 2078 2184 2116; x_wconf 84' lang='lat' dir='ltr'>est,</span> <span class='ocrx_word' id='word_1_300' title='bbox 2211 2088 2276 2111; x_wconf 83' lang='lat' dir='ltr'>no-</span> 
     </span>
     <span class='ocr_line' id='line_1_31' title="bbox 685 2132 2276 2185; baseline -0.004 -9"><span class='ocrx_word' id='word_1_301' title='bbox 685 2140 779 2176; x_wconf 90' lang='lat' dir='ltr'>mine</span> <span class='ocrx_word' id='word_1_302' title='bbox 805 2137 917 2174; x_wconf 81' lang='lat' dir='ltr'>veteii</span> <span class='ocrx_word' id='word_1_303' title='bbox 939 2135 1098 2185; x_wconf 90' lang='lat' dir='ltr'>speciem</span> <span class='ocrx_word' id='word_1_304' title='bbox 1122 2134 1299 2184; x_wconf 88' lang='lat' dir='ltr'>quandam</span> <span class='ocrx_word' id='word_1_305' title='bbox 1326 2148 1369 2168; x_wconf 62' lang='lat' dir='ltr'>ex</span> <span class='ocrx_word' id='word_1_306' title='bbox 1395 2140 1446 2173; x_wconf 73' lang='lat' dir='ltr'>iis,</span> <span class='ocrx_word' id='word_1_307' title='bbox 1471 2139 1506 2168; x_wconf 74' lang='lat' dir='ltr'>z&#39;n</span> <span class='ocrx_word' id='word_1_308' title='bbox 1534 2132 1652 2182; x_wconf 74' lang='lat' dir='ltr'>quibus</span> <span class='ocrx_word' id='word_1_309' title='bbox 1672 2132 1860 2173; x_wconf 71' lang='lat' dir='ltr'>dubitatur,</span> <span class='ocrx_word' id='word_1_310' title='bbox 1889 2132 2105 2181; x_wconf 77' lang='lat' dir='ltr'>signifieaie;</span> <span class='ocrx_word' id='word_1_311' title='bbox 2131 2137 2204 2168; x_wconf 91' lang='lat' dir='ltr'>tum</span> <span class='ocrx_word' id='word_1_312' title='bbox 2230 2134 2276 2169; x_wconf 88' lang='lat' dir='ltr'>ita</span> 
     </span>
     <span class='ocr_line' id='line_1_32' title="bbox 685 2191 2274 2248; baseline -0.004 -14"><span class='ocrx_word' id='word_1_313' title='bbox 685 2198 851 2248; x_wconf 86' lang='lat' dir='ltr'>equidem</span> <span class='ocrx_word' id='word_1_314' title='bbox 881 2208 1024 2237; x_wconf 88' lang='lat' dir='ltr'>censeo,</span> <span class='ocrx_word' id='word_1_315' title='bbox 1045 2206 1136 2244; x_wconf 90' lang='lat' dir='ltr'>quae</span> <span class='ocrx_word' id='word_1_316' title='bbox 1151 2206 1199 2229; x_wconf 83' lang='lat' dir='ltr'>ex</span> <span class='ocrx_word' id='word_1_317' title='bbox 1216 2193 1257 2229; x_wconf 93' lang='lat' dir='ltr'>iis</span> <span class='ocrx_word' id='word_1_318' title='bbox 1275 2192 1310 2228; x_wconf 90' lang='lat' dir='ltr'>in</span> <span class='ocrx_word' id='word_1_319' title='bbox 1326 2192 1507 2240; x_wconf 81' lang='lat' dir='ltr'>provincia</span> <span class='ocrx_word' id='word_1_320' title='bbox 1525 2191 1580 2227; x_wconf 84' lang='lat' dir='ltr'>vel</span> <span class='ocrx_word' id='word_1_321' title='bbox 1607 2191 1641 2227; x_wconf 90' lang='lat' dir='ltr'>in</span> <span class='ocrx_word' id='word_1_322' title='bbox 1671 2191 1781 2240; x_wconf 87' lang='lat' dir='ltr'>patria</span> <span class='ocrx_word' id='word_1_323' title='bbox 1801 2191 1892 2227; x_wconf 90' lang='lat' dir='ltr'>illius</span> <span class='ocrx_word' id='word_1_324' title='bbox 1917 2191 2099 2240; x_wconf 88' lang='lat' dir='ltr'>scriptoris</span> <span class='ocrx_word' id='word_1_325' title='bbox 2117 2192 2274 2228; x_wconf 85' lang='lat' dir='ltr'>maxime</span> 
     </span>
     <span class='ocr_line' id='line_1_33' title="bbox 684 2249 2276 2306; baseline -0.005 -12"><span class='ocrx_word' id='word_1_326' title='bbox 684 2258 726 2294; x_wconf 84' lang='lat' dir='ltr'>sit</span> <span class='ocrx_word' id='word_1_327' title='bbox 754 2255 918 2306; x_wconf 77' lang='lat' dir='ltr'>vulgaris,</span> <span class='ocrx_word' id='word_1_328' title='bbox 948 2266 1027 2290; x_wconf 90' lang='lat' dir='ltr'>eam</span> <span class='ocrx_word' id='word_1_329' title='bbox 1054 2253 1208 2294; x_wconf 88' lang='lat' dir='ltr'>nomine,</span> <span class='ocrx_word' id='word_1_330' title='bbox 1238 2264 1310 2301; x_wconf 91' lang='lat' dir='ltr'>quo</span> <span class='ocrx_word' id='word_1_331' title='bbox 1337 2251 1395 2287; x_wconf 90' lang='lat' dir='ltr'>ille</span> <span class='ocrx_word' id='word_1_332' title='bbox 1421 2263 1506 2287; x_wconf 88' lang='lat' dir='ltr'>usus</span> <span class='ocrx_word' id='word_1_333' title='bbox 1531 2251 1583 2292; x_wconf 83' lang='lat' dir='ltr'>sit,</span> <span class='ocrx_word' id='word_1_334' title='bbox 1612 2263 1692 2286; x_wconf 86' lang='lat' dir='ltr'>esse</span> <span class='ocrx_word' id='word_1_335' title='bbox 1719 2249 1975 2299; x_wconf 84' lang='lat' dir='ltr'>appellandam.</span> <span class='ocrx_word' id='word_1_336' title='bbox 2029 2249 2170 2286; x_wconf 87' lang='lat' dir='ltr'>Eodem</span> <span class='ocrx_word' id='word_1_337' title='bbox 2186 2263 2276 2300; x_wconf 88' lang='lat' dir='ltr'>quo-</span> 
     </span>
     <span class='ocr_line' id='line_1_34' title="bbox 685 2308 2277 2365; baseline -0.003 -14"><span class='ocrx_word' id='word_1_338' title='bbox 685 2329 754 2365; x_wconf 80' lang='lat' dir='ltr'>que</span> <span class='ocrx_word' id='word_1_339' title='bbox 782 2314 893 2351; x_wconf 87' lang='lat' dir='ltr'>modo</span> <span class='ocrx_word' id='word_1_340' title='bbox 917 2312 1151 2361; x_wconf 84' lang='lat' dir='ltr'>judicandum</span> <span class='ocrx_word' id='word_1_341' title='bbox 1179 2315 1240 2352; x_wconf 88' lang='lat' dir='ltr'>est,</span> <span class='ocrx_word' id='word_1_342' title='bbox 1268 2323 1377 2359; x_wconf 90' lang='lat' dir='ltr'>quum</span> <span class='ocrx_word' id='word_1_343' title='bbox 1409 2310 1593 2345; x_wconf 90' lang='lat' dir='ltr'>evidenter</span> <span class='ocrx_word' id='word_1_344' title='bbox 1615 2314 1769 2357; x_wconf 86' lang='lat' dir='ltr'>apparet,</span> <span class='ocrx_word' id='word_1_345' title='bbox 1790 2308 2001 2356; x_wconf 86' lang='lat' dir='ltr'>scriptorem</span> <span class='ocrx_word' id='word_1_346' title='bbox 2016 2308 2169 2357; x_wconf 87' lang='lat' dir='ltr'>aliquem</span> <span class='ocrx_word' id='word_1_347' title='bbox 2188 2309 2277 2346; x_wconf 88' lang='lat' dir='ltr'>duas</span> 
     </span>
     <span class='ocr_line' id='line_1_35' title="bbox 685 2366 2275 2423; baseline -0.004 -13"><span class='ocrx_word' id='word_1_348' title='bbox 685 2375 741 2410; x_wconf 86' lang='lat' dir='ltr'>vel</span> <span class='ocrx_word' id='word_1_349' title='bbox 767 2374 888 2423; x_wconf 85' lang='lat' dir='ltr'>plures</span> <span class='ocrx_word' id='word_1_350' title='bbox 916 2372 1075 2407; x_wconf 88' lang='lat' dir='ltr'>diversas</span> <span class='ocrx_word' id='word_1_351' title='bbox 1101 2370 1242 2419; x_wconf 88' lang='lat' dir='ltr'>species</span> <span class='ocrx_word' id='word_1_352' title='bbox 1269 2369 1490 2405; x_wconf 87' lang='lat' dir='ltr'>confudisse:</span> <span class='ocrx_word' id='word_1_353' title='bbox 1518 2368 1585 2403; x_wconf 87' lang='lat' dir='ltr'>nisi</span> <span class='ocrx_word' id='word_1_354' title='bbox 1611 2368 1640 2403; x_wconf 89' lang='lat' dir='ltr'>si</span> <span class='ocrx_word' id='word_1_355' title='bbox 1655 2369 1820 2415; x_wconf 75' lang='lat' dir='ltr'>figuram</span> <span class='ocrx_word' id='word_1_356' title='bbox 1845 2366 2030 2409; x_wconf 86' lang='lat' dir='ltr'>addiderit,</span> <span class='ocrx_word' id='word_1_357' title='bbox 2058 2380 2149 2416; x_wconf 88' lang='lat' dir='ltr'>quae</span> <span class='ocrx_word' id='word_1_358' title='bbox 2169 2381 2275 2404; x_wconf 87' lang='lat' dir='ltr'>unam</span> 
     </span>
    </p>
   </div>
   <div class='ocr_carea' id='block_1_4' title="bbox 683 2476 2277 2688">
    <p class='ocr_par' dir='ltr' id='par_1_4' title="bbox 683 2476 2277 2688">
     <span class='ocr_line' id='line_1_36' title="bbox 753 2476 2277 2516; baseline -0.003 -7"><span class='ocrx_word' id='word_1_359' title='bbox 753 2485 772 2516; x_wconf 78' lang='lat'>⁸)</span> <span class='ocrx_word' id='word_1_360' title='bbox 791 2483 864 2508; x_wconf 85' lang='lat' dir='ltr'>Haec</span> <span class='ocrx_word' id='word_1_361' title='bbox 883 2482 915 2507; x_wconf 87' lang='lat' dir='ltr'>de</span> <span class='ocrx_word' id='word_1_362' title='bbox 935 2481 1030 2507; x_wconf 80' lang='lat' dir='ltr'>Suecia</span> <span class='ocrx_word' id='word_1_363' title='bbox 1049 2481 1142 2506; x_wconf 85' lang='lat' dir='ltr'>saltem</span> <span class='ocrx_word' id='word_1_364' title='bbox 1161 2481 1211 2506; x_wconf 88' lang='lat' dir='ltr'>dici</span> <span class='ocrx_word' id='word_1_365' title='bbox 1238 2483 1361 2515; x_wconf 90' lang='lat' dir='ltr'>possunt,</span> <span class='ocrx_word' id='word_1_366' title='bbox 1389 2478 1543 2513; x_wconf 81' lang='lat' dir='ltr'>praesertim</span> <span class='ocrx_word' id='word_1_367' title='bbox 1562 2477 1594 2502; x_wconf 87' lang='lat' dir='ltr'>de</span> <span class='ocrx_word' id='word_1_368' title='bbox 1619 2476 1749 2511; x_wconf 52' lang='lat' dir='ltr'>Uplandica</span> <span class='ocrx_word' id='word_1_369' title='bbox 1776 2480 1892 2501; x_wconf 82' lang='lat' dir='ltr'>veterum</span> <span class='ocrx_word' id='word_1_370' title='bbox 1920 2477 2021 2502; x_wconf 80' lang='lat' dir='ltr'>illorum</span> <span class='ocrx_word' id='word_1_371' title='bbox 2042 2478 2277 2513; x_wconf 87' lang='lat' dir='ltr'>arachnologorum</span> 
     </span>
     <span class='ocr_line' id='line_1_37' title="bbox 685 2519 2276 2559; baseline -0.003 -6"><span class='ocrx_word' id='word_1_372' title='bbox 685 2527 823 2557; x_wconf 85' lang='lat' dir='ltr'>domicilio,</span> <span class='ocrx_word' id='word_1_373' title='bbox 842 2525 914 2559; x_wconf 83' lang='lat' dir='ltr'>cujus</span> <span class='ocrx_word' id='word_1_374' title='bbox 934 2524 1036 2550; x_wconf 83' lang='lat' dir='ltr'>indoles</span> <span class='ocrx_word' id='word_1_375' title='bbox 1056 2528 1083 2549; x_wconf 84' lang='lat' dir='ltr'>et</span> <span class='ocrx_word' id='word_1_376' title='bbox 1101 2528 1193 2549; x_wconf 88' lang='lat' dir='ltr'>natura</span> <span class='ocrx_word' id='word_1_377' title='bbox 1211 2523 1250 2548; x_wconf 89' lang='lat' dir='ltr'>his</span> <span class='ocrx_word' id='word_1_378' title='bbox 1271 2527 1373 2548; x_wconf 88' lang='lat' dir='ltr'>centum</span> <span class='ocrx_word' id='word_1_379' title='bbox 1394 2521 1467 2546; x_wconf 89' lang='lat' dir='ltr'>annis</span> <span class='ocrx_word' id='word_1_380' title='bbox 1486 2520 1527 2545; x_wconf 76' lang='lat' dir='ltr'>vix</span> <span class='ocrx_word' id='word_1_381' title='bbox 1555 2520 1689 2544; x_wconf 81' lang='lat' dir='ltr'>immutata</span> <span class='ocrx_word' id='word_1_382' title='bbox 1715 2523 1764 2549; x_wconf 86' lang='lat' dir='ltr'>est,</span> <span class='ocrx_word' id='word_1_383' title='bbox 1793 2519 1953 2554; x_wconf 81' lang='lat' dir='ltr'>easdemque</span> <span class='ocrx_word' id='word_1_384' title='bbox 1972 2520 2026 2546; x_wconf 81' lang='lat' dir='ltr'>fere</span> <span class='ocrx_word' id='word_1_385' title='bbox 2051 2529 2141 2546; x_wconf 84' lang='lat' dir='ltr'>omnes</span> <span class='ocrx_word' id='word_1_386' title='bbox 2165 2524 2276 2556; x_wconf 73' lang='lat' dir='ltr'>stirpium</span> 
     </span>
     <span class='ocr_line' id='line_1_38' title="bbox 685 2563 2276 2604; baseline -0.003 -9"><span class='ocrx_word' id='word_1_387' title='bbox 685 2570 788 2604; x_wconf 86' lang='lat' dir='ltr'>species</span> <span class='ocrx_word' id='word_1_388' title='bbox 800 2577 867 2594; x_wconf 88' lang='lat' dir='ltr'>nunc</span> <span class='ocrx_word' id='word_1_389' title='bbox 878 2567 966 2602; x_wconf 86' lang='lat' dir='ltr'>giguit,</span> <span class='ocrx_word' id='word_1_390' title='bbox 986 2570 1063 2601; x_wconf 77' lang='lat' dir='ltr'>atque</span> <span class='ocrx_word' id='word_1_391' title='bbox 1078 2570 1163 2591; x_wconf 79' lang='lat' dir='ltr'>aetate</span> <span class='ocrx_word' id='word_1_392' title='bbox 1183 2565 1304 2591; x_wconf 66' lang='lat' dir='ltr'>LINNAEI.</span> <span class='ocrx_word' id='word_1_393' title='bbox 1338 2564 1395 2589; x_wconf 88' lang='lat' dir='ltr'>Nec</span> <span class='ocrx_word' id='word_1_394' title='bbox 1414 2563 1520 2588; x_wconf 87' lang='lat' dir='ltr'>dubium</span> <span class='ocrx_word' id='word_1_395' title='bbox 1539 2570 1599 2587; x_wconf 80' lang='lat' dir='ltr'>esse</span> <span class='ocrx_word' id='word_1_396' title='bbox 1619 2566 1717 2596; x_wconf 81' lang='lat' dir='ltr'>potest,</span> <span class='ocrx_word' id='word_1_397' title='bbox 1737 2563 1758 2587; x_wconf 90' lang='lat' dir='ltr'>si</span> <span class='ocrx_word' id='word_1_398' title='bbox 1777 2571 1830 2587; x_wconf 87' lang='lat' dir='ltr'>rem</span> <span class='ocrx_word' id='word_1_399' title='bbox 1850 2571 1953 2588; x_wconf 82' lang='lat' dir='ltr'>omnem</span> <span class='ocrx_word' id='word_1_400' title='bbox 1973 2568 2088 2598; x_wconf 79' lang='lat' dir='ltr'>spectas,</span> <span class='ocrx_word' id='word_1_401' title='bbox 2107 2565 2167 2599; x_wconf 86' lang='lat' dir='ltr'>quin</span> <span class='ocrx_word' id='word_1_402' title='bbox 2186 2566 2210 2590; x_wconf 91' lang='lat' dir='ltr'>in</span> <span class='ocrx_word' id='word_1_403' title='bbox 2228 2565 2276 2591; x_wconf 89' lang='lat' dir='ltr'>hac</span> 
     </span>
     <span class='ocr_line' id='line_1_39' title="bbox 684 2605 2275 2648; baseline -0.005 -10"><span class='ocrx_word' id='word_1_404' title='bbox 684 2612 816 2648; x_wconf 84' lang='lat' dir='ltr'>provincia</span> <span class='ocrx_word' id='word_1_405' title='bbox 834 2611 942 2637; x_wconf 79' lang='lat' dir='ltr'>eaedem</span> <span class='ocrx_word' id='word_1_406' title='bbox 960 2610 1098 2635; x_wconf 74' lang='lat' dir='ltr'>animalium</span> <span class='ocrx_word' id='word_1_407' title='bbox 1117 2617 1221 2643; x_wconf 88' lang='lat' dir='ltr'>quoque</span> <span class='ocrx_word' id='word_1_408' title='bbox 1241 2608 1343 2642; x_wconf 80' lang='lat' dir='ltr'>species</span> <span class='ocrx_word' id='word_1_409' title='bbox 1363 2606 1442 2632; x_wconf 84' lang='lat' dir='ltr'>hodie</span> <span class='ocrx_word' id='word_1_410' title='bbox 1461 2606 1556 2636; x_wconf 82' lang='lat' dir='ltr'>vivant,</span> <span class='ocrx_word' id='word_1_411' title='bbox 1576 2614 1642 2640; x_wconf 83' lang='lat' dir='ltr'>quae</span> <span class='ocrx_word' id='word_1_412' title='bbox 1662 2605 1823 2639; x_wconf 80' lang='lat' dir='ltr'>temporibus</span> <span class='ocrx_word' id='word_1_413' title='bbox 1843 2606 1891 2631; x_wconf 89' lang='lat' dir='ltr'>illis</span> <span class='ocrx_word' id='word_1_414' title='bbox 1902 2606 1935 2631; x_wconf 85' lang='lat' dir='ltr'>ibi</span> <span class='ocrx_word' id='word_1_415' title='bbox 1946 2608 2120 2640; x_wconf 81' lang='lat' dir='ltr'>reperirentur</span> <span class='ocrx_word' id='word_1_416' title='bbox 2139 2623 2170 2627; x_wconf 87' lang='lat'>-—-</span> <span class='ocrx_word' id='word_1_417' title='bbox 2189 2616 2275 2634; x_wconf 83' lang='lat' dir='ltr'>earum</span> 
     </span>
     <span class='ocr_line' id='line_1_40' title="bbox 683 2648 2118 2688; baseline -0.004 -7"><span class='ocrx_word' id='word_1_418' title='bbox 683 2656 775 2682; x_wconf 83' lang='lat' dir='ltr'>saltem</span> <span class='ocrx_word' id='word_1_419' title='bbox 795 2655 926 2685; x_wconf 85' lang='lat' dir='ltr'>classium,</span> <span class='ocrx_word' id='word_1_420' title='bbox 946 2661 1012 2688; x_wconf 84' lang='lat' dir='ltr'>quae</span> <span class='ocrx_word' id='word_1_421' title='bbox 1031 2661 1063 2678; x_wconf 83' lang='lat' dir='ltr'>ex</span> <span class='ocrx_word' id='word_1_422' title='bbox 1082 2653 1206 2687; x_wconf 86' lang='lat' dir='ltr'>stirpibus</span> <span class='ocrx_word' id='word_1_423' title='bbox 1227 2659 1304 2686; x_wconf 88' lang='lat' dir='ltr'>quam</span> <span class='ocrx_word' id='word_1_424' title='bbox 1323 2650 1433 2675; x_wconf 80' lang='lat' dir='ltr'>maxime</span> <span class='ocrx_word' id='word_1_425' title='bbox 1451 2649 1591 2684; x_wconf 76' lang='lat' dir='ltr'>pendeant,</span> <span class='ocrx_word' id='word_1_426' title='bbox 1611 2649 1770 2674; x_wconf 81' lang='lat' dir='ltr'>insectorum</span> <span class='ocrx_word' id='word_1_427' title='bbox 1790 2648 1858 2680; x_wconf 84' lang='lat' dir='ltr'>dico,</span> <span class='ocrx_word' id='word_1_428' title='bbox 1877 2649 2051 2680; x_wconf 84' lang='lat' dir='ltr'>araehnidum,</span> <span class='ocrx_word' id='word_1_429' title='bbox 2071 2655 2118 2675; x_wconf 76' lang='lat' dir='ltr'>cet.</span> 
     </span>
    </p>
   </div>
  </div>
 </body>
</html>
