2435 3188
669 253 752 294 114

614 374 720 407 genae
747 366 907 401 testacea,
937 359 1172 407 abido-pilosa.
1212 357 1407 393 Sternum
1435 357 1581 398 fuscum,
1608 355 1891 403 albicio-pilosum.
1946 353 2221 390 Mandibulae

614 421 903 460 flavo-testaceae,
943 420 1038 466 apice
1076 431 1178 466 saepe
1218 417 1409 452 infuscatae.
1461 415 1662 451 Maxillae
1696 420 1783 449 totae
1812 414 2094 450 flavo-testaceae.
2146 413 2221 448 La-

617 481 723 515 bium
750 480 897 526 nigrum,
929 479 1024 525 apice
1051 477 1146 510 ssavo.
1198 475 1327 523 Palpi
1356 475 1613 515 ssavo-testacei3
1641 488 1734 522 pars
1754 474 1943 519 femoralis
1968 474 2106 509 annulos
2137 473 2222 509 duos

615 538 728 585 nigros
758 537 905 572 divulsos
932 536 1048 576 habet3
1068 548 1161 583 pars
1182 535 1371 582 patellaris
1401 546 1537 581 quoque
1565 539 1597 567 et
1625 531 1752 567 tibialis
1777 533 2088 575 fusco-maculatae,
2113 539 2145 567 at
2163 534 2221 567 mi-

615 610 677 631 nus
704 609 874 644 expresse.
924 594 1063 629 Pedes
1096 593 1357 633 flavo-testacei,
1391 597 1486 626 coris
1514 597 1546 626 et
1566 590 1764 637 femoribus
1793 605 1893 639 supra
1923 592 2222 632 fusco-maculatis,

616 654 707 691 tibiis
732 659 992 701 metatarsisque
1031 652 1322 692 fusco-annulatis,
1357 656 1391 684 ut
1416 652 1445 685 in
1476 650 1522 686 L.
1553 650 1747 690 monticola,
1781 650 1841 685 sed
1869 651 1994 686 annulis
2025 651 2222 699 plerumque

616 728 731 762 parum
761 714 968 761 conspicuis,
996 713 1026 746 iu
1057 710 1201 758 pedibus
1236 716 1358 745 tantum
1391 708 1635 757 posterioribus
1663 709 1931 744 evidentioribus.
1983 709 2150 745 Interdum
2178 711 2222 755 tin

617 774 777 821 exemplis
805 773 921 807 colore
949 771 1104 818 clariore)
1137 770 1225 817 palpi
1252 775 1285 804 et
1316 768 1423 817 pedes
1455 769 1513 803 toti
1541 768 1782 803 ssavo<testacei
1810 775 1899 808 sunt,
1934 768 1965 803 hi
1993 770 2127 805 maculis
2153 779 2223 804 tan-

617 839 684 867 tum
711 832 888 872 nonnullis,
928 831 982 865 vix
1015 830 1206 876 conspicuis
1240 842 1340 876 supra
1368 829 1398 862 in
1428 828 1618 862 semoribus.
1671 827 1894 862 Abdomen
1926 828 2067 870 l'uscum,
2097 829 2223 864 macula

615 893 708 940 nigra
734 904 833 939 supra
862 890 1019 937 petiolum
1048 888 1209 922 ordinaria
1239 894 1271 923 et
1295 888 1400 922 antice
1430 887 1557 921 macula
1585 886 1808 928 sub-hastata,
1833 888 1966 934 nigrore
1992 887 2138 930 definita,
2166 901 2223 923 co-

617 951 687 985 lore
715 951 913 998 plerumque
942 948 1099 988 clariore,
1128 960 1244 981 versus
1275 946 1589 994 cepbalotboracem
1616 946 1909 994 albicanti-pilosa,
1941 952 1976 981 ut
2000 948 2030 981 in
2057 947 2102 982 L.
2131 962 2223 982 mon-

618 1010 737 1044 ticola.-
763 1011 793 1043 in
822 1008 923 1042 dorso
950 1007 1102 1054 utrinque
1129 1004 1225 1040 adest
1250 1007 1327 1040 vitta
1353 1007 1459 1053 nigra,
1490 1006 1566 1053 plus
1598 1006 1703 1039 miuus
1728 1005 1959 1047 determinata,
1985 1007 2016 1040 in
2041 1013 2134 1054 parte
2161 1020 2222 1055 po-

618 1070 755 1103 steriore
784 1067 967 1102 evidentior
1001 1072 1034 1101 et
1060 1071 1114 1099 aut
1139 1066 1169 1099 in
1197 1066 1316 1100 seriem
1345 1071 1543 1113 punctorum
1571 1066 1755 1112 nigrorum,
1785 1078 1858 1099 cum
1889 1066 2053 1113 punctulis
2082 1066 2225 1101 albican-

617 1129 704 1162 tibus
732 1128 834 1162 rarius
865 1126 1108 1165 alternantium,
1150 1130 1204 1158 aut
1231 1125 1260 1158 in
1292 1125 1437 1159 maculas
1464 1124 1616 1171 obliquas
1642 1125 1769 1171 nigras,
1803 1125 1916 1159 colore
1947 1125 2085 1160 clariore
2115 1127 2224 1171 sejun-

618 1193 704 1228 ctas,
737 1186 873 1220 divulsa.
927 1183 1080 1232 Spatium
1116 1184 1321 1229 interjectum
1357 1186 1442 1219 serie
1471 1197 1511 1218 ex
1539 1183 1666 1217 lineolis
1699 1183 1859 1230 angulatis
1889 1184 1938 1218 vel
1967 1185 2097 1231 punctis
2123 1186 2226 1232 nigris

617 1246 778 1281 interdum
818 1250 974 1279 notatum.
1028 1241 1150 1277 Latera
1184 1243 1262 1277 iul'ra
1297 1249 1329 1278 et
1355 1251 1468 1278 venter
1500 1242 1768 1277 cinereo-albida.
1824 1243 1988 1290 Epigyoe
2021 1244 2226 1291 ferrugineo—

618 1305 724 1339 rubra.
778 1303 844 1338 Ma
858 1303 998 1337 millae
1027 1308 1208 1344 testaceae,
1236 1303 1331 1349 apice
1365 1302 1486 1337 fuscae.

771 1399 854 1434 Mas
888 1411 962 1432 cum
999 1396 1115 1431 l'emiua
1150 1408 1265 1443 parum
1299 1395 1475 1443 discrepat.
1531 1394 1673 1443 Insignis
1705 1402 1756 1430 est
1789 1395 1890 1430 forma
1928 1397 2082 1445 singulari
2121 1406 2225 1433 meta-

619 1468 789 1493 mrsorzmz
819 1464 851 1492 et
877 1465 1050 1491 tarsorum
1078 1455 1202 1503 pedum
1231 1455 1325 1502 primi
1351 1456 1456 1502 paris,
1490 1455 1543 1502 qui
1571 1455 1681 1502 paullo
1709 1455 1877 1489 incrassati
1905 1463 1978 1490 sunt
2007 1463 2039 1491 et
2063 1459 2092 1491 in
2119 1457 2224 1492 lateri-

620 1519 681 1553 bus
709 1518 839 1564 longius
868 1515 1146 1563 plumato·pilosi;
1175 1527 1238 1561 qua
1269 1521 1344 1548 nota
1373 1514 1414 1548 ab
1444 1514 1597 1548 omuibus
1625 1514 1693 1548 aliis
1722 1514 1814 1548 l'acile
1840 1514 2055 1562 distinguitur.
2108 1515 2227 1551 Calcar

618 1576 695 1611 illud
730 1577 846 1611 subtus
877 1576 908 1610 in
941 1573 1036 1609 bulbo
1072 1573 1219 1619 genitale?
1253 1572 1363 1620 paullo
1398 1573 1567 1607 robustius
1598 1579 1631 1607 et
1662 1574 1756 1620 apice
1782 1575 1888 1621 magis
1917 1575 2088 1616 obtusum,
2128 1589 2226 1623 quam

619 1637 648 1670 iu
677 1643 710 1679 0²
738 1635 823 1683 Lyc,
851 1634 1056 1669 monticolae.

767 1724 824 1759 Ad
850 1725 997 1759 colorem
1038 1724 1155 1758 l'emina
1196 1723 1372 1757 obscurior
1403 1727 1468 1762 est,
1501 1722 1593 1756 lineis
1625 1723 1915 1770 cepliolotboracis
1950 1724 2136 1759 lateralibus
2171 1739 2227 1760 an-

619 1785 838 1832 gustioribus,
868 1784 1065 1831 plerumque
1100 1788 1206 1816 tamen
1248 1782 1352 1828 magis
1385 1782 1591 1828 conspicuis,
1629 1795 1725 1829 quam
1754 1783 1784 1817 in
1816 1790 1850 1826 ἅ
1878 1783 1921 1817 L.
1951 1784 2160 1826 monticolae,
2191 1785 2228 1819 li-

619 1857 679 1878 nea
708 1843 809 1883 fusca,
838 1849 872 1876 ut
899 1843 929 1877 in
958 1851 986 1883 9,
1012 1842 1195 1889 geminatis.
1235 1839 1403 1875 Interdum
1432 1854 1512 1875 vero
1538 1842 1747 1888 angustiores
1774 1849 1863 1884 sunt,
1890 1844 2035 1890 margine
2061 1845 2136 1891 ipso
2165 1844 2228 1879 late

618 1902 845 1949 nigro-fusco,
884 1902 988 1936 rarius
1026 1901 1158 1935 omnino
1195 1899 1341 1934 detritae.
1395 1898 1517 1948 Palpi
1545 1899 1586 1934 ad
1614 1902 1786 1935 maximam
1815 1908 1942 1949 partem
1972 1902 2228 1945 ssavo—testacei;

611 1975 705 2009 pars
726 1960 916 2007 fmuoralIs
954 1960 1026 1994 basi
1062 1960 1142 2001 late,
1184 1957 1311 1994 tibialis
1343 1960 1373 1993 in
1409 1959 1566 1994 lateribus
1599 1966 1631 1994 et
1659 1961 1801 1995 torsalis
1828 1967 1910 2002 tota,
1945 1962 2040 2008 apice
2066 1967 2228 2009 excepto,

621 2021 675 2068 qui
703 2020 983 2054 fusco-testaceus
1023 2019 1220 2066 plerumque
1263 2025 1328 2060 est,
1368 2020 1497 2066 nigrae,
1541 2019 1657 2054 tibialis
1694 2026 1727 2055 et
1753 2021 1879 2055 tarsalis
1908 2020 2011 2055 deuse
2039 2026 2071 2055 et
2098 2021 2228 2068 longius

618 2079 871 2126 nigro-pilosae,
900 2079 951 2112 illa
978 2077 1092 2120 nitida,
1120 2091 1184 2112 non
1210 2090 1325 2125 opaca.
1377 2076 1516 2113 Pedes
1542 2077 1783 2114 ssavo-testacei
1805 2080 1872 2121 toti,
1899 2079 2080 2114 semoribus
2105 2085 2228 2114 tautum

620 2138 690 2172 basi
715 2137 899 2178 infuscans,
927 2144 958 2171 at
985 2138 1090 2172 minus
1118 2137 1191 2178 late,
1231 2149 1328 2185 quam
1358 2137 1389 2171 in
1417 2137 1459 2172 L.
1487 2139 1683 2178 monticola,
1721 2139 1882 2186 coxisque
1911 2138 2032 2173 fuscius
2063 2139 2226 2173 testaceis.

620 2196 841 2231 Abdomen
870 2197 1009 2244 nigrius,
1037 2202 1210 2244 praeterea
1239 2202 1272 2231 ut
1297 2198 1328 2231 in
1354 2204 1387 2238 ῼ,
1415 2198 1542 2244 pictura
1569 2203 1676 2232 tamen
1704 2197 1899 2244 plerumque
1928 2198 2032 2231 miuus
2057 2210 2226 2244 expressa.

769 2297 801 2333 A
832 2297 873 2332 L.
904 2298 1082 2333 mommolo
1113 2297 1228 2332 differt
1253 2296 1359 2346 igitur
1385 2305 1419 2341 02
1444 2295 1552 2344 hujus
1577 2297 1712 2346 speciei
1749 2301 1924 2333 structura
1951 2300 2224 2332 mctatarsorum

620 2362 881 2402 tarsorumque,
906 2355 1148 2404 magnitudine
1174 2357 1322 2403 majore,
1347 2355 1481 2404 pedum
1507 2360 1542 2391 et
1566 2356 1754 2404 palporum
1797 2355 1918 2391 colore
1956 2355 2108 2391 clariore
2142 2362 2225 2399 cet.;

621 2421 640 2454 2
668 2425 814 2462 quoque
842 2413 1084 2462 magnitudine
1112 2416 1268 2461 majore,
1307 2414 1444 2462 pictura
1471 2413 1673 2449 abdominis
1701 2418 1736 2449 et
1761 2414 1933 2462 imprimis
1959 2414 2074 2450 forma
2101 2415 2226 2464 epigy-

622 2484 695 2513 nes,
721 2484 813 2521 quae
841 2471 968 2506 eadem
991 2471 1067 2507 fere
1094 2476 1156 2513 est,
1188 2484 1280 2520 quae
1307 2473 1342 2507 in
1368 2473 1409 2507 L.
1438 2478 1623 2519 sacclgera,
1652 2485 1671 2508 a
1700 2485 1769 2522 qua
1795 2478 1913 2509 tamen
1940 2473 2042 2509 facile
2067 2473 2226 2510 interno-

621 2530 730 2566 scitur
753 2530 995 2578 magnitudine
1023 2530 1184 2578 corporis
1212 2532 1360 2577 majore,
1387 2529 1502 2566 forma
1534 2535 1568 2567 et
1590 2531 1714 2568 colore
1732 2531 1847 2569 lineae
1873 2532 2024 2569 dorsalis
2042 2532 2077 2568 in
2097 2532 2226 2581 cepha-

621 2587 816 2630 lothorace,
847 2588 984 2637 pictura
1010 2588 1222 2633 abdominis,
1250 2593 1313 2625 cet.
