2435 3188
709 272 793 314 282

653 393 754 428 supra
782 380 1003 416 canaliculatis
1032 381 1298 429 bipinnatisecta‚
1326 380 1507 426 segmentis
1534 379 1718 427 tripartitis,
1759 379 1882 413 laciniis
1911 379 2066 425 oblongis
2098 378 2266 413 ovalibus-

653 451 718 486 que
743 439 884 486 (laciniis
913 440 1031 475 ultimis
1070 453 1172 487 saepe
1216 438 1572 485 obovato-oblongis),
1607 439 1711 472 acutis
1744 438 1795 472 vel
1832 439 1960 473 obtusis
1995 445 2025 472 et
2058 438 2268 478 nmeronatis,

652 497 768 545 planis,
799 498 1106 545 glaucescentibus·⁷
1145 497 1257 545 petioli
1287 496 1471 531 secundarii
1499 497 1694 544 saepissime
1723 497 2071 532 cirrboso-comoluti.
2126 496 2270 531 Racemz‘

653 557 880 604 oppositisolii,
905 558 1004 605 longe
1031 557 1262 606 pedtlmuilati,
1287 555 1467 595 multissori,
1507 555 1664 590 fructiferi
1702 555 1780 596 laxig
1816 556 1969 603 pedicelli
1999 556 2131 590 lloril'eri
2160 556 2267 603 primo

653 618 765 657 erecti,
792 616 912 651 deinde
941 618 1069 657 rellexi,
1104 615 1260 650 fructiferi
1294 614 1407 649 reflexi
1442 614 1494 649 vel
1531 626 1777 661 nonnumquam
1813 615 2030 662 subpatentes
2096 615 2269 650 Bracteae

652 675 798 716 albidae,
837 676 932 723 apice
964 680 1263 724 purpurascentes,
1294 687 1397 708 nervo
1433 673 1524 708 viridi
1564 675 1759 714 instructae,
1801 673 2002 709 lanceolatae
2047 674 2098 708 vel
2141 674 2269 709 lineari—

654 734 831 781 oblongae,
859 736 1071 775 acuminatae,
1102 733 1274 781 pedicellis
1300 733 1473 768 fructiferis
1491 733 1564 780 plus
1589 734 1738 766 minusve
1767 733 1948 768 breviores.
2001 733 2121 768 Flores
2149 734 2269 781 magni,

652 793 705 828 vel
720 807 860 841 prorsus
886 793 984 828 albidi
1004 793 1056 827 vel
1076 792 1175 827 albidi
1201 792 1304 827 dorso
1330 793 1405 840 plus
1434 794 1584 827 minusve
1611 793 1738 826 intense
1766 805 1882 833 roseo,
1917 794 2011 840 apice
2040 794 2270 832 obscuriores,

652 852 732 887 infra
764 854 893 900 apicem
922 854 1029 900 primo
1058 853 1227 892 contracti,
1270 851 1391 887 deinde
1425 853 1581 886 arcuatim
1622 850 1759 890 dilatati,
1800 852 1917 898 petalis
1949 853 2042 899 apice
2072 853 2268 900 plerumque

652 918 741 947 arcte
772 912 1038 947 cohaerentibus.
1092 911 1221 959 Seymloe
1244 911 1372 958 ampla,
1406 911 1531 951 albida,
1558 923 1661 945 nervo
1691 909 1785 944 viridi
1814 911 1972 951 carinata,
2010 918 2122 953 ovata,
2159 917 2269 951 acuta,

653 970 794 1012 dentata,
821 971 977 1005 corollam
1006 970 1171 1004 dimidiam
1199 969 1404 1017 longitudine
1433 972 1573 1018 ejusque
1608 970 1722 1004 tubum
1752 969 1918 1003 latitudine
1954 971 2150 1017 superantia.
2209 970 2270 1003 Pe-

653 1030 762 1065 talum
790 1035 949 1078 superius
977 1042 1050 1064 cum
1081 1030 1209 1064 calcare
1241 1030 1333 1064 brevi
1367 1029 1435 1064 sere
1470 1029 1646 1064 orbiculari
1687 1028 1832 1063 albidum
1863 1035 1913 1063 est
1945 1035 1977 1063 et
2007 1029 2141 1063 dorsum
2170 1029 2271 1064 babet

653 1102 786 1124 roseum
820 1091 867 1137 (in
896 1102 962 1123 var.
989 1101 1010 1130 Ὺ
1036 1094 1140 1122 totum
1169 1088 1314 1122 albidum
1341 1090 1436 1136 apice
1464 1091 1636 1136 excepto),
1664 1089 1759 1136 apice
1788 1094 1918 1122 acutum
1946 1094 1978 1122 et
2003 1102 2147 1135 superne
2164 1089 2268 1135 gibbo

653 1155 704 1184 est
729 1150 922 1183 instructum
951 1147 1054 1189 viridi,
1082 1148 1177 1193 cujus
1207 1149 1373 1195 margines
1414 1154 1489 1183 sunt
1530 1147 1660 1187 reflexi,
1697 1160 1860 1182 summum
1903 1148 2032 1194 apicem
2073 1161 2137 1182 uon
2176 1148 2270 1181 attin-

652 1214 780 1255 gentes,
810 1208 976 1255 purpurei.
1032 1207 1192 1241 Patalam
1219 1208 1370 1253 iuferius
1405 1213 1544 1254 anguste
1574 1207 1705 1247 lineare,
1732 1206 2270 1247 canaliculatum,albido-roseum

652 1268 722 1314 (vel
749 1269 779 1302 in
806 1281 826 1310 Ὺ
853 1266 1030 1311 albidum),
1064 1272 1194 1300 acutum
1224 1272 1256 1300 et
1283 1268 1378 1314 apice
1413 1266 1538 1301 inferne
1566 1266 1670 1312 gibbo
1700 1266 1792 1300 viridi
1825 1267 2036 1307 instructum,
2065 1267 2119 1313 qui
2150 1266 2270 1313 margi-

651 1340 712 1361 nes
739 1326 838 1361 habet
873 1326 1141 1372 angustissimos,
1173 1332 1320 1367 erectos,
1347 1339 1510 1360 summum
1552 1326 1680 1373 apicem
1712 1338 1777 1359 non
1807 1327 2013 1372 attingentes.
2068 1325 2191 1359 Petala
2218 1330 2270 1358 ’ἰη-

653 1390 781 1420 teriora
809 1384 1154 1426 albido-lutescentia,
1181 1385 1276 1431 apice
1305 1391 1565 1432 atro—purpurea
1596 1390 1627 1419 et
1656 1384 1933 1431 longitudinaliter
1953 1384 2139 1432 tri-plicata,
2167 1397 2271 1431 angu-

653 1450 718 1485 sta,
749 1457 764 1478 a
794 1443 904 1478 medio
936 1443 975 1477 ad
1009 1444 1138 1491 apicem
1173 1456 1303 1478 sursum
1332 1450 1475 1478 curvata.
1536 1443 1692 1478 Fructus
1720 1444 1963 1485 subrotundus,
1992 1444 2150 1482 obtusus,
2179 1456 2271 1477 com-

653 1504 909 1552 pressiusculus,
938 1503 1050 1543 laevis,
1076 1504 1171 1550 apice
1200 1502 1432 1543 bdoreolatus,
1459 1503 1528 1538 basi
1559 1502 1723 1550 pedicello
1753 1504 1934 1538 incrassato
1966 1504 2147 1549 angustior.

801 1592 883 1627 Icon
918 1602 950 1629 et
983 1595 1167 1642 descrrptio
1201 1594 1383 1628 secundum
1421 1595 1636 1642 exemplaria
1669 1599 1760 1635 viva,
1803 1600 1837 1629 in
1876 1595 1964 1631 hott.
1995 1594 2057 1629 bot.
2093 1595 2272 1629 Lmtdensi

653 1651 756 1686 culta.

807 1722 892 1757 Obs.
922 1722 945 1758 I.
999 1722 1065 1758 Vix
1095 1724 1153 1757 alia
1183 1724 1317 1771 species
1345 1723 1538 1758 Fumariae
1572 1730 1636 1758 tam
1671 1737 1745 1758 cum
1774 1724 1955 1771 speciebus
1989 1724 2139 1759 aflinibus
2174 1737 2272 1772 quam

653 1795 726 1816 cum
755 1782 903 1829 analogis
930 1789 980 1816 est
1009 1782 1156 1816 confusa.
1211 1782 1312 1817 Nunc
1336 1797 1407 1817 eam
1441 1784 1553 1831 plures
1590 1784 1723 1830 species
1761 1783 1930 1818 distinctas
1973 1783 2149 1830 complecti
2190 1783 2272 1817 ridi-

653 1855 740 1881 mus,
776 1848 807 1875 ut
848 1843 876 1875 in
919 1841 1165 1888 Monograpliia
1205 1840 1255 1876 Cl.
1284 1841 1476 1882 Pmlatorii,
1519 1844 1548 1876 in
1584 1855 1646 1889 qua
1677 1842 1850 1876 Fumariu
1891 1843 2089 1890 capreolum
2122 1843 2184 1877 sub
2214 1856 2271 1876 sua

653 1902 810 1935 varietate
837 1898 863 1940 β
892 1900 1100 1934 Fumarium
1117 1899 1338 1946 ιβαύᾶῖιιΐαφη
1372 1900 1479 1948 Gasp.
1507 1902 1672 1948 (speciem
1702 1902 1893 1949 analogum)
1924 1909 1955 1936 ct
1984 1902 2046 1936 sub
2075 1903 2231 1936 varietate
2253 1914 2274 1944 Ὺ

653 1960 863 1994 Fumarium
899 1960 1042 2000 Pellerl,
1073 1960 1215 1993 medicam
1249 1960 1414 2006 (speciem
1444 1960 1590 2007 allinem)
1618 1966 1659 2001 et,
1687 1962 1718 1995 ni
1746 1961 1848 2001 lallor,
1877 1962 1990 2008 plures
2017 1962 2150 2008 species
2178 1974 2271 1995 com-

653 2017 848 2067 prehendit,
883 2032 970 2053 nunc
996 2019 1058 2053 sub
1086 2020 1218 2053 nomine
1248 2019 1440 2053 Fumariae
1464 2019 1731 2061 alezamlrinae,
1765 2025 1934 2068 speciosae
1961 2027 2024 2055 etc.
2053 2021 2083 2055 in
2110 2019 2271 2055 berbariis

654 2078 808 2113 occurrit.

804 2147 890 2184 Obs.
920 2147 961 2183 Π.
1016 2147 1051 2182 Ιιι
1081 2149 1314 2184 dissertatione
1355 2149 1396 2183 de
1430 2148 1596 2184 Fumariis
1626 2149 1824 2185 Britannicis
1857 2150 2066 2186 anarMm
2096 2151 2274 2199 capreola-

653 2216 724 2242 lam
752 2221 827 2242 cum
852 2207 1027 2242 Fumaria
1054 2209 1164 2242 media
1202 2215 1235 2242 et
1273 2221 1315 2243 ex
1358 2208 1583 2256 descriptione
1620 2216 1653 2244 et
1690 2211 1785 2244 icone
1824 2217 1854 2244 et
1895 2224 1935 2244 eo
1971 2210 2060 2257 quod
2089 2223 2152 2243 non
2181 2209 2273 2244 affert

652 2267 862 2301 mecrlam
888 2268 1043 2308 medimn,
1070 2280 1154 2315 quae
1183 2268 1212 2301 in
1240 2266 1410 2301 Britannia
1439 2268 1568 2303 videtur
1593 2269 1826 2315 vulgatissima,
1851 2268 2044 2316 Babington
2071 2268 2273 2304 contundere

652 2327 872 2373 conspicuum
901 2332 961 2360 est.
1018 2325 1074 2360 Ad
1101 2339 1198 2374 quam
1228 2328 1421 2361 sententiam
1457 2328 1722 2375 amplectendam
1758 2342 1799 2362 eo
1836 2328 1959 2362 facilius
1988 2327 2148 2369 adducor,
2182 2328 2272 2375 quod

653 2385 729 2418 citat
764 2384 924 2431 »English
952 2383 1107 2433 Botany«
1141 2385 1206 2419 tab.
1235 2385 1318 2427 943,
1348 2387 1378 2420 in
1407 2399 1474 2433 quo
1507 2400 1629 2434 opere,
1664 2395 1699 2421 ut
1731 2401 1771 2422 ex
1796 2388 1909 2427 icone,
1944 2388 2002 2421 etsi
2039 2385 2127 2427 rudi,
2163 2388 2273 2421 verius

652 2443 854 2478 concludere
891 2456 1045 2490 possum,
1082 2443 1257 2478 anarm
1294 2445 1405 2478 media
1432 2450 1551 2492 typica
1588 2447 1732 2493 pingitur
1773 2452 1805 2480 et
1846 2447 1976 2480 minime
2013 2445 2188 2480 Feemaria
2216 2460 2274 2480 ca-

644 2502 808 2549 preolum
831 2516 927 2542 vera,
967 2502 1018 2536 vel
1055 2503 1205 2548 species,
1246 2515 1361 2549 quam,
1404 2503 1563 2550 plurimos
1590 2506 1792 2551 antiquiores
1825 2511 1857 2539 et
1886 2505 2090 2540 recentiores
2119 2512 2273 2540 auctores

651 2574 806 2608 sequens,
833 2574 895 2608 pro
923 2574 1001 2594 vera
1028 2560 1211 2594 Linueana
1239 2560 1413 2595 F'umaria,
1441 2563 1641 2610 capr-colata
1676 2563 1794 2597 babeo.
1854 2562 1914 2597 lnb
1941 2564 2071 2598 erbario
2100 2563 2273 2599 Linneano

649 2619 824 2654 Fecmaria
851 2620 1049 2668 capreolum
1077 2619 1171 2654 deest
1207 2625 1238 2654 et
1274 2633 1315 2655 ex
1350 2621 1421 2667 ejus
1463 2621 1622 2656 brevibus
1662 2622 1960 2669 descriptionibus,
2003 2636 2088 2670 quae
2119 2623 2268 2670 pluribus
