2435 3188
701 276 783 319 356

796 385 912 420 Planta
942 385 1052 420 habitu
1081 385 1178 424 molli,
1205 384 1388 432 apotheciis
1410 384 1539 418 minutis
1568 389 1600 418 et
1626 397 1759 432 semper
1777 385 1973 425 lateralibus,
2002 384 2115 419 colore
2133 397 2160 418 e.
2178 398 2202 418 s.
2223 397 2256 431 p.

648 445 678 480 in
710 446 902 492 regionibus
932 443 1243 492 septentrionalibus
1272 443 1426 477 silvaticis
1458 449 1490 478 et
1517 443 1699 494 subalpinis
1729 456 1863 491 semper
1889 443 1982 477 facile
2011 442 2170 483 distincta,
2199 441 2259 477 sed

647 505 679 538 in
709 505 839 552 alpibus
865 504 906 538 ad
934 509 1096 538 torrentes
1123 502 1251 549 alpinos
1283 508 1345 536 etc.
1378 503 1429 536 vix
1456 515 1473 535 a
1504 502 1555 536 St.
1579 503 1696 549 alpino
1721 510 1787 537 tute
1808 502 2047 550 distinguenda.
2080 524 2125 528 —-
2153 502 2258 536 Pode-

648 569 698 598 tia
726 563 866 598 solitaria
897 563 914 596 l.
943 562 1107 608 caespites
1138 561 1229 594 laxos
1259 560 1438 600 formantia,
1466 560 1507 594 ad
1536 561 1557 595 3
1585 574 1691 608 usque
1710 574 1782 595 unc.
1801 561 1871 601 alta,
1897 561 2143 602 adscendentia,
2172 567 2259 595 tere-

648 624 706 664 tia,
735 622 857 663 valida,
894 622 988 669 apice
1025 621 1204 667 praecipue
1238 620 1477 661 ramosissima,
1516 620 1612 653 ramis
1654 620 1783 654 tandem
1822 622 1986 661 recurvis,
2022 621 2094 655 basi
2126 621 2258 653 omnino

648 683 749 718 libera
765 686 806 727 ²³²).
864 680 1097 727 Phyllocladia
1124 680 1154 713 in
1185 679 1285 713 tatere
1312 679 1485 725 superiore
1514 678 1719 719 densissima,
1744 680 1773 713 in
1802 679 1954 714 inferiore
1982 680 2143 719 subnulla,
2171 691 2259 713 sem·

648 755 711 790 per
742 739 914 776 rotundatu
946 745 978 773 et
1007 740 1279 778 inciso-crenata‚
1324 737 1408 771 iobis
1444 738 1672 772 crassiusculis
1700 744 1731 772 et
1758 738 1994 785 pallidior-ibus.
2052 737 2260 785 Cephalodia

650 803 787 840 minuta,
814 799 956 839 sess-ilia,
983 798 1205 845 subglobosa‚
1233 797 1301 831 sere
1335 798 1542 843 aeruginosa.
1598 796 1785 844 Apothecia
1813 810 1947 844 semper
1974 797 2127 836 lateralia,
2151 797 2258 843 primo

649 859 880 895 suburceolata
910 863 942 892 et
967 859 1113 905 margine
1144 856 1316 904 pallidiore
1344 857 1465 897 cincta,
1505 855 1636 890 tandem
1673 856 1879 902 subglobosa
1918 857 2065 903 margine
2104 855 2259 891 excluso:

649 919 761 953 discus
793 918 896 964 primo
922 917 1031 952 diluite.
1058 916 1132 950 dein
1161 916 1306 950 obscure
1337 915 1458 949 fuscus.
1513 915 1597 948 Asci
1624 915 1886 955 inflato-clavati·,
1920 928 2042 962 sporue
2069 913 2259 954 ackulares,

648 977 855 1024 3-septatae,
887 982 996 1010 rectae
1024 975 1042 1009 l.
1077 975 1250 1015 curvatae,
1290 974 1459 1024 hyalinae,
1500 975 1681 1014 stow—36
1710 987 1750 1007 ¹11·
1780 987 1821 1007 111.
1851 973 1971 1020 longae
1998 980 2031 1008 et
2056 975 2258 1014 Quaen—25

648 1050 690 1071 m.
725 1050 766 1071 m.
800 1035 892 1070 latae.
955 1034 1203 1082 *S'permogoma
1246 1035 1276 1068 in
1317 1034 1519 1081 marginibus
1560 1032 1858 1080 phyllocladiorum
1900 1034 1975 1074 sita,
2013 1032 2260 1080 punctisormia,

649 1097 757 1144 nigra3
789 1095 963 1143 spermatia
990 1093 1307 1141 elongato-linearia,
1336 1099 1435 1134 recta,
1465 1093 1623 1134 Ouum—5
1654 1105 1693 1125 m.
1718 1105 1758 1125 m.
1784 1091 1892 1137 longa.

800 1185 899 1220 Obs.
931 1188 959 1219 1.
1013 1183 1250 1219 Difficillimum
1287 1198 1366 1219 sane
1394 1190 1445 1219 est
1473 1183 1672 1230 dijudicare,
1704 1190 1810 1217 utrum
1845 1182 1930 1217 hanc
1957 1183 2105 1230 speciem
2134 1195 2173 1215 an
2203 1180 2256 1216 St.

641 1246 809 1296 paschale
836 1245 985 1292 plerique
1013 1250 1145 1278 veteres
1180 1244 1344 1291 sciptores
1379 1244 1441 1278 sub
1472 1244 1601 1278 nomine
1626 1241 1723 1276 Liclz.
1752 1242 1769 1275 l.
1798 1242 1848 1276 St.
1867 1241 2050 1290 paschalis
2090 1241 2260 1275 intellexe-

648 1307 719 1347 rint,
749 1318 848 1353 quum
877 1304 935 1338 lias
963 1304 1089 1352 plantas
1119 1302 1217 1350 vulgo
1252 1304 1488 1350 conjunxerint.
1557 1301 1612 1337 Ad
1640 1301 1691 1335 St.
1722 1309 1940 1336 tomentosmn
1969 1305 2122 1348 spectare
2151 1305 2259 1333 tamen

648 1365 745 1400 nobis
775 1364 927 1399 videntur
962 1364 1068 1397 onmia
1110 1375 1305 1411 synonyma,
1346 1363 1466 1410 quibus
1505 1361 1579 1395 loca
1623 1360 1736 1395 natalia
1772 1361 1821 1394 »in
1848 1360 2013 1401 ericetis«,
2050 1358 2109 1392 »ad
2139 1364 2258 1392 terram

647 1425 732 1459 inter
770 1424 951 1470 graminum
991 1422 1135 1456 culmos«
1171 1434 1199 1456 e.
1229 1436 1255 1456 s.
1284 1435 1317 1469 p.
1345 1422 1438 1456 allata
1472 1426 1563 1461 sunt,
1596 1420 1656 1454 nisi
1690 1419 1858 1466 expressis
1888 1419 2000 1454 verbis
2043 1417 2162 1452 »caulis
2189 1416 2259 1464 gla-

648 1484 828 1519 ber1·imus«
864 1483 911 1516 eis
938 1482 1096 1515 tribuitur.

802 1552 899 1587 Obs.
927 1552 959 1585 2).
1012 1550 1134 1598 Figura
1162 1550 1404 1585 HOFFMANNI
1449 1562 1466 1583 a
1503 1547 1618 1583 FRIES
1656 1547 1842 1583 dubitanter
1878 1547 1918 1581 ad
1953 1547 2004 1581 Sl.
2039 1554 2257 1581 tomentosum

649 1613 748 1648 relata
778 1612 862 1646 adeo
893 1618 943 1646 e-st
972 1624 1082 1658 prava,
1109 1616 1143 1643 ut
1170 1623 1185 1643 a
1215 1609 1449 1644 SCHAERERO
1475 1621 1536 1655 pro
1567 1607 1619 1642 St.
1646 1607 1825 1641 coralloide
1852 1608 1893 1641 sit
1920 1606 2026 1641 habita
2056 1612 2088 1640 et
2113 1618 2130 1638 a
2152 1603 2258 1639 BIAS-

650 1682 829 1707 SALONGO
855 1678 889 1704 ut
915 1670 1017 1717 figura
1044 1670 1164 1716 optima
1197 1668 1249 1703 St.
1275 1667 1455 1716 paschalis
1488 1668 1619 1707 citetur3
1650 1667 1693 1700 ob
1728 1666 1902 1713 apothecia
1938 1678 2072 1712 semper
2101 1663 2258 1704 lateralia,

649 1730 837 1779 squamulas
864 1729 1142 1764 cinereo-caesias
1173 1741 1200 1761 e.
1230 1742 1254 1763 s.
1286 1741 1316 1774 p.
1348 1740 1418 1761 eam
1449 1726 1502 1761 St.
1533 1734 1749 1761 tomentosum
1780 1726 1897 1760 sistere
1925 1737 2121 1772 persuasum
2160 1723 2258 1757 nobis

649 1791 819 1826 habemus.
851 1810 894 1814 —
921 1787 1043 1822 Nonne
1073 1787 1117 1821 St
1148 1786 1311 1835 paschale
1340 1787 1369 1820 in
1397 1784 1568 1821 MASSAL.
1597 1784 1702 1819 Mem.
1732 1783 1827 1819 Lich.
1855 1798 1885 1831 p.
1918 1784 1962 1819 71
1992 1783 2031 1816 ad
2061 1782 2143 1816 hanc
2174 1794 2258 1828 quo-

649 1864 714 1898 que
742 1849 883 1897 pertinet
912 1846 1081 1894 speciem?
1120 1845 1214 1880 Haec
1241 1847 1399 1880 sententia
1430 1851 1494 1879 tam
1526 1845 1646 1891 judicio
1674 1845 1745 1890 ejus
1774 1843 1815 1877 ‹le
1844 1843 1946 1890 figura
1971 1844 2064 1876 citata
2091 1841 2258 1888 probatur,

649 1923 746 1958 quam
774 1921 811 1942 ea
838 1920 882 1947 re,
908 1905 998 1953 quod
1024 1905 1203 1952 descriptio
1233 1918 1416 1952 sporarum,
1442 1906 1471 1938 ni
1503 1904 1649 1944 fallimur,
1678 1917 1695 1938 e
1728 1916 1840 1951 specc.
1870 1903 1900 1935 in
1926 1900 1988 1935 ΓΕ.
2012 1899 2058 1935 D.
2074 1899 2114 1934 L.
2137 1914 2166 1934 u.
2190 1899 2257 1934 199

649 1968 801 2004 exhibitis
832 1971 882 2000 est
908 1965 1092 2011 desumpta,
1119 1964 1181 1998 sub
1197 1976 1263 2010 quo
1289 1977 1426 1997 numero
1452 1969 1484 1998 et
1501 1963 1552 1998 St.
1570 1971 1786 1997 tomentosum
1815 1961 1918 1996 fertile
1947 1967 1979 1995 et
2007 1959 2060 1995 St.
2084 1958 2257 2007 paschale,

649 2030 723 2075 ipso
753 2025 966 2060 FLOERKEO
993 2030 1086 2064 teste,
1115 2035 1249 2069 semper
1272 2022 1381 2056 sterile
1401 2028 1475 2056 sunt
1500 2021 1674 2069 divulgata.
1730 2020 1766 2055 Si
1793 2023 1833 2055 ita
1850 2033 1924 2055 sese
1945 2033 1998 2054 res
2015 2019 2122 2059 babet,
2147 2018 2257 2053 decla-

649 2093 737 2122 ratur
766 2097 911 2132 quoque,
940 2082 1109 2130 quomodo
1138 2087 1249 2129 potest
1279 2080 1351 2115 Cel.
1382 2080 1652 2115 MASSALONGO
1680 2081 1856 2121 allirmare,
1888 2092 2007 2126 sporas
2036 2079 2084 2112 sui
2113 2077 2164 2112 St.
2187 2090 2257 2125 pu-

648 2146 773 2181 schalis
802 2157 878 2179 esse
906 2144 942 2177 iis
971 2142 1021 2176 St.
1047 2141 1238 2175 corallozssdis
1270 2140 1371 2173 multo
1399 2141 1557 2180 minores,
1585 2139 1673 2187 quod
1710 2153 1787 2174 sane
1813 2140 1843 2173 in
1873 2138 1924 2173 St.
1948 2137 2115 2185 paschale
2142 2149 2255 2170 verum

647 2219 713 2241 non
743 2204 889 2252 quadrat.
944 2201 1076 2249 Sporae
1109 2206 1216 2233 autem
1246 2199 1486 2233 St.t0mentosi
1512 2200 1541 2233 in
1568 2198 1630 2233 FL.
1660 2198 1705 2232 D.
1736 2197 1775 2232 L.
1807 2212 1835 2231 n.
1871 2196 1939 2231 199
1968 2195 2010 2230 A.
2040 2198 2085 2241 (in
2113 2195 2254 2242 exempl.

648 2265 763 2300 saltem
792 2277 808 2297 a
837 2262 933 2297 nobis¹
960 2262 1047 2305 viso)
1074 2273 1139 2294 non
1174 2266 1248 2293 sunt
1282 2258 1358 2292 satis
1387 2258 1535 2298 evoluta,
1576 2270 1677 2304 quare
1717 2257 1818 2292 verba
1864 2256 1947 2290 illius
1990 2255 2133 2288 auctoris
2164 2253 2256 2287 facile

648 2323 806 2358 declarari
835 2327 991 2369 possunt,
1032 2326 1065 2353 ut
1101 2320 1196 2353 etiam
1232 2316 1303 2352 Cei.
1330 2315 1535 2351 KOERBERI
1563 2316 1616 2351 St.
1645 2324 1823 2350 tomentoso
1851 2327 1970 2362 sporas
2001 2314 2256 2360 »subincenspi-

648 2395 744 2417 enas«
781 2382 960 2415 tribuentis.

749 2517 769 2549 ')
789 2515 977 2549 Hypotliallum
996 2514 1074 2548 hujus
1095 2514 1183 2548 specie
1203 2513 1252 2539 hoc
1273 2514 1352 2539 modo
1374 2513 1499 2539 describit
1518 2512 1570 2539 Cel.
1590 2511 1737 2536 KOERBER:
1764 2509 1828 2535 »Der
1847 2508 2030 2534 Protoxhallus
2043 2507 2130 2532 dieser
2144 2506 2254 2541 Species

646 2560 728 2585 bildet
747 2560 803 2584 eine
823 2558 893 2583 dicht
913 2557 1066 2592 anliegende
1087 2557 1125 2582 oft
1144 2557 1189 2582 mit
1209 2556 1310 2590 Ephehe
1329 2556 1514 2590 durchzogene
1534 2555 1633 2581 Kruste
1653 2553 1706 2579 und
1726 2553 1838 2579 bedeckt
1858 2561 1878 2576 z.
1899 2552 1927 2577 B.
1947 2551 1994 2577 auf
2010 2551 2069 2576 dem
2090 2550 2181 2575 Basalt
2205 2549 2255 2574 des

645 2603 765 2636 keuligen
784 2601 954 2635 Buchberges
974 2600 1144 2625 klasterweite
1164 2600 1292 2625 Strecken
1312 2599 1360 2625 des
1380 2598 1541 2624 sahso-ms.-
