2435 3188
697 239 782 281 102

640 360 719 395 pars
746 347 889 388 tarsalis;
921 354 1030 395 parte
1049 346 1223 393 femorali
1249 347 1342 382 basin
1370 359 1488 382 versus
1517 352 1699 394 angustata,
1738 346 1957 394 sequentibus
1996 345 2126 381 duabus
2166 359 2246 381 con-

640 407 759 453 junctis
784 406 894 454 paullo
923 406 1084 454 longiore,
1114 406 1248 454 reliquis
1275 405 1425 454 partibus
1450 405 1656 454 cylindricis,
1674 413 1783 454 parte
1805 405 1973 454 patellari
2010 417 2127 453 parum
2169 405 2246 440 bre-

642 466 735 500 viore
763 478 860 513 quam
888 463 1007 505 tibiali,
1030 473 1136 512 parte
1159 464 1285 502 tarsalz·
1312 464 1362 501 his
1390 463 1519 500 duabus
1549 465 1750 511 conjunctim
1778 464 1889 512 paullo
1918 465 2088 506 breviore,
2115 465 2246 500 obtusa.

640 523 785 560 Pedes
811 525 940 565 breves,
966 523 1078 564 sortes,
1104 523 1209 559 dense
1234 523 1344 571 pilosi,
1381 524 1460 558 setis
1487 523 1613 570 longis,
1641 523 1770 565 erectis,
1798 525 1994 571 praesertim
2022 536 2123 571 supra
2149 536 2247 572 prae-

642 583 708 625 diti,
736 589 769 618 et
795 590 967 631 praeterea
1005 582 1128 617 aculeis
1164 582 1393 623 brevioribus,
1431 581 1587 622 sortibus,
1614 582 1868 628 sub-appressis
1895 583 1942 627 (in
1966 581 2110 629 pedibus
2140 583 2162 618 4
2188 595 2246 617 an-

641 643 827 685 terioribus,
855 641 1035 677 semoribus
1059 642 1220 688 exceptis,
1257 653 1358 688 supra
1384 653 1451 675 non
1477 640 1602 686 obviis)
1628 641 1751 682 armati,
1792 641 2012 688 proportione
2035 641 2068 683 4,
2098 642 2127 683 1,
2151 641 2185 682 2,
2205 640 2245 682 3;

642 707 760 750 quarti
787 702 875 749 paris
903 699 1182 747 cephalothorace
1211 698 1302 747 2³4,
1333 703 1428 734 tertii
1452 712 1493 733 eo
1521 699 1631 746 paullo
1657 699 1731 747 plus
1758 699 1849 747 2zplo
1890 699 2075 747 longiores3
2106 699 2244 749 patella

641 761 878 809 longitudinem
903 758 1055 795 dimidiae
1083 757 1185 793 tibiae
1223 764 1373 806 superat:
1415 758 1446 792 in
1487 757 1632 805 pedibus
1671 759 1766 806 primi
1805 759 1895 806 paris
1931 767 2138 794 metatarsus
2168 759 2246 794 tibia

643 821 776 856 brevior
803 827 861 860 est,
892 820 921 853 in
950 817 1093 866 pedibus
1117 818 1137 852 4
1167 818 1304 865 posticis
1323 823 1520 852 metatarsus
1546 817 1645 852 tibiae
1673 816 1910 865 longitudinem
1938 824 2082 865 superat.
2134 816 2246 866 Supra

641 882 672 914 in
701 879 881 914 femoribus
922 877 1041 912 adsunt
1078 877 1183 911 aculei
1217 877 1292 918 bini,
1334 876 1504 924 longiores
1532 882 1565 911 et
1591 877 1695 924 magis
1732 877 1833 911 erecti
1878 889 1974 924 quam
2004 877 2128 925 reliqui,
2160 878 2248 912 utin

643 938 811 986 plerisque
838 935 1028 985 Lycosidis.
1085 936 1191 970 Tarsi
1218 936 1267 982 (et
1293 940 1475 970 metatarsz?
1503 948 1638 983 quoque
1673 935 1797 983 pedum
1825 936 1846 970 4
1875 937 2072 985 anticorum)
2101 936 2248 984 scopulis

644 998 755 1032 densis
781 995 930 1044 praediti.
982 994 1202 1030 Abdomen
1229 995 1334 1036 ovale,
1361 995 1414 1030 vel
1441 995 1552 1042 potius
1585 995 1793 1036 ob-ovatum,
1832 996 1961 1042 postice
2005 995 2116 1043 paullo
2141 995 2252 1036 latius,

645 1056 847 1104 longitudine
877 1054 1191 1102 cephalothoracem
1218 1054 1416 1102 plerumque
1440 1054 1553 1102 paullo
1579 1067 1750 1101 superans,
1776 1053 1942 1088 latitudine
1968 1073 2007 1084 =
2039 1054 2078 1101 ³l4
2106 1054 2251 1102 longitu—

646 1116 738 1156 dinis,
763 1117 869 1150 antice
898 1127 916 1149 a
943 1114 1100 1148 lateribus
1126 1114 1450 1162 sub-compressum,
1477 1126 1594 1148 versus
1609 1112 1922 1161 cephalothoracem
1939 1113 2006 1149 fere
2024 1113 2250 1162 perpendicu-

644 1175 727 1216 lare,
773 1181 876 1209 totum
915 1173 989 1221 pilis
1029 1174 1205 1215 brevibus,
1248 1173 1369 1214 densis,
1395 1174 1566 1221 appressis
1594 1179 1726 1208 tectum.
1778 1171 1847 1207 Pro
1876 1174 2025 1221 partibus
2053 1173 2249 1221 genitalibus

644 1235 788 1269 externis
826 1235 895 1268 sive
932 1238 1078 1282 epigyne
1105 1234 1187 1268 cutis
1218 1239 1292 1267 ante
1330 1233 1442 1267 rimam
1468 1234 1499 1267 in
1528 1232 1665 1267 formam
1693 1232 1841 1280 trianguli
1869 1232 1922 1267 vel
1949 1233 2058 1267 trilobi
2085 1231 2250 1280 profunde

645 1294 846 1343 emargInata
871 1295 941 1328 sive
968 1299 1102 1328 exsecta
1129 1298 1187 1334 est,
1212 1305 1297 1340 quae
1325 1293 1472 1327 exsectio
1504 1292 1633 1327 foveam
1669 1293 1787 1339 retegit
1814 1292 2036 1333 sub-ovalem,
2076 1291 2117 1326 ad
2157 1292 2250 1326 basin

646 1354 810 1401 (postiee)
837 1352 942 1387 foveis
969 1352 1098 1387 duabus
1127 1351 1308 1386 minoribus
1328 1357 1360 1386 et
1386 1352 1416 1385 in
1442 1351 1542 1385 fundo
1568 1357 1664 1398 septo
1693 1350 1919 1398 longitudinali
1943 1353 2144 1392 instructam,
2176 1351 2250 1400 pilis

646 1413 852 1460 longioribus
878 1412 1051 1446 occultam.
1105 1409 1318 1445 Mamillae
1347 1410 1556 1459 cylindricae,
1583 1416 1634 1444 sat
1661 1411 1897 1457 prominentes.

798 1529 1145 1578 Cephalothorax
1171 1528 1464 1568 albido—cinereus,
1494 1527 1593 1562 fascia
1619 1528 1772 1576 utrinque
1799 1528 1830 1562 in
1858 1528 2014 1563 lateribus
2053 1527 2155 1569 fusca,
2192 1541 2248 1562 au-

647 1591 710 1626 tice
747 1589 875 1639 (paullo
915 1595 989 1624 ante
1030 1589 1285 1637 impressionem
1324 1587 1548 1636 cephalicam)
1583 1593 1615 1622 et
1656 1589 1786 1635 postiee
1813 1588 1860 1635 (in
1889 1587 2074 1622 declivitate
2101 1587 2248 1636 postica)

645 1650 723 1683 vitta
748 1649 800 1683 vel
827 1649 910 1683 linea
938 1648 1082 1696 obliqua,
1109 1649 1201 1696 nigra
1229 1648 1409 1688 terminata,
1435 1653 1468 1681 et
1494 1659 1609 1681 versus
1648 1647 1827 1694 marginem
1856 1647 1991 1682 maculis
2030 1648 2130 1694 nigris
2169 1647 2249 1681 sub-

645 1708 813 1756 triangulis
841 1708 894 1742 vel
922 1707 1019 1742 radiis
1046 1708 1077 1741 in
1108 1708 1207 1742 sulcis
1235 1707 1424 1742 lateralibus
1452 1706 1648 1754 plerumque
1676 1711 1802 1747 notata,
1829 1706 1975 1753 margine
2015 1706 2078 1741 late
2122 1704 2249 1740 albido-

646 1768 789 1809 cinereo,
817 1767 900 1802 linea
936 1768 1025 1801 tenui
1066 1766 1155 1801 fusca
1187 1766 1351 1801 interdum
1392 1766 1574 1813 geminato3
1614 1764 1749 1799 dorsum
1785 1779 1846 1814 per
1882 1771 1982 1799 totam
2013 1765 2248 1813 longitudinem

645 1839 719 1862 cum
751 1827 906 1862 lateribus
932 1827 1035 1874 partis
1064 1825 1255 1873 cephalicae
1284 1824 1592 1864 alludo-cinereum,
1631 1824 1713 1859 liuea
1756 1824 1861 1859 media
1901 1824 2125 1872 longitudinali
2148 1824 2250 1866 fusca,

648 1899 733 1933 quae
761 1887 792 1920 in
821 1893 915 1933 parte
943 1885 1113 1933 cephalica
1142 1885 1200 1919 alia
1231 1885 1321 1927 linea,
1348 1885 1446 1925 tenui,
1474 1885 1547 1918 alba
1574 1884 1738 1931 geminata
1765 1889 1823 1918 est.
1886 1882 2083 1919 Sternum
2111 1885 2250 1932 nigrum,

646 1945 913 1993 nigro-pilosum.
956 1943 1085 1979 Oculi
1108 1945 1262 1980 suecinei.
1301 1943 1579 1978 Mandibulae
1605 1944 1728 1990 nigrae,
1756 1943 1826 1977 basi
1843 1942 1946 1978 deuse
1960 1944 2249 1991 cinereo-pilosae.

648 2003 852 2039 Maxillae
877 2010 910 2039 et
935 2003 1090 2038 labium
1117 2005 1219 2052 nigra,
1247 2003 1311 2038 hoc
1338 2004 1449 2051 apice,
1486 2002 1558 2037 illae
1595 2002 1740 2049 margine
1778 2002 1932 2038 interiore
1964 2004 2073 2052 piceo.
2125 2002 2250 2051 Palpi

646 2064 952 2104 cinereo-testacei,
993 2062 1259 2110 nigro-maculati
1303 2068 1335 2096 et
1371 2062 1483 2110 pilosi3
1520 2069 1626 2110 parte
1665 2061 1791 2096 tarsalz'
1828 2061 2044 2109 nigro-fusca.
2107 2061 2248 2097 Pedes

647 2123 952 2158 cinereo-testacei:
983 2128 1077 2157 coxis
1106 2122 1222 2157 subtus
1247 2122 1364 2170 piceis,
1380 2119 1588 2166 semoribus,
1615 2134 1715 2168 supra
1742 2127 1773 2156 et
1799 2122 1830 2156 in
1857 2121 2013 2156 lateribus
2040 2122 2250 2168 praesertim,

646 2182 941 2230 nigro-maculatis,
966 2181 1102 2216 maculis
1128 2182 1158 2215 in
1187 2180 1343 2215 lateribus
1374 2179 1534 2214 femorum
1563 2181 1585 2215 4
1615 2181 1796 2215 anticorum
1822 2180 1853 2214 in
1879 2180 1976 2214 vittas
1997 2179 2249 2227 longitudinales

647 2241 904 2282 confluentibus3
935 2246 1041 2276 tarsis
1067 2240 1293 2288 nigro—fuscis,
1320 2240 1391 2274 basi
1420 2240 1583 2275 testaceis.
1636 2238 1785 2286 Vestigia
1813 2238 2004 2272 annulorum
2032 2238 2184 2273 binorum
2209 2252 2250 2275 ex

647 2301 782 2335 maculis
808 2301 869 2335 illis
896 2300 1109 2335 formatorum
1136 2298 1298 2334 interdum
1327 2299 1517 2347 conspicua,
1541 2299 1733 2346 praesertim
1761 2299 1790 2332 in
1817 2297 1998 2332 semoribus
2018 2298 2039 2332 4
2055 2298 2249 2345 posteriori-

650 2360 722 2394 bus.
775 2358 996 2394 Abdomen
1027 2360 1204 2398 cinereum,
1229 2357 1356 2392 macula
1397 2370 1515 2404 magna
1542 2370 1640 2404 supra
1665 2356 1823 2404 petiolum
1856 2355 1924 2391 sere
1960 2356 2121 2398 sx-sormi
2146 2358 2248 2405 nigra,

650 2431 750 2466 supra
777 2424 809 2453 et
836 2419 916 2452 intra
931 2417 1016 2451 lianc
1051 2425 1080 2458 Λ
1118 2417 1204 2457 albo,
1231 2428 1356 2456 crasSO,
1384 2421 1416 2449 et
1446 2428 1534 2462 pone
1561 2415 1594 2449 id
1620 2415 1711 2449 lineis
1742 2414 1880 2455 duabus,
1910 2416 2139 2458 crassioribus,
2165 2416 2247 2451 albis

649 2478 753 2512 antice
782 2477 850 2512 sere
876 2476 1049 2524 parallelis,
1085 2477 1214 2523 postiee
1254 2474 1519 2515 divaricantibus,
1553 2487 1626 2508 cum
1654 2474 1708 2508 illo
1746 2484 1774 2514 Λ
1811 2474 1888 2508 albo
1917 2476 2022 2511 antice
2063 2475 2247 2522 conjunctis

649 2542 682 2571 et
710 2549 818 2571 aream
847 2541 901 2570 aut
927 2535 1062 2582 nigram,
1101 2539 1155 2567 aut
1191 2532 1326 2574 fuscam,
1362 2534 1688 2581 nigro-marginatam
1715 2532 1972 2575 includentibus,
2014 2547 2098 2582 quae
2129 2540 2264 2582 postea.

649 2596 818 2644 angustior
844 2594 878 2629 fit
905 2600 937 2629 et
967 2593 1008 2628 ad
1030 2591 1174 2628 medium
1202 2591 1368 2627 abdomen
1396 2591 1599 2640 producitur,
1633 2591 1782 2627 aculeum
1821 2593 1958 2640 sagittae
1986 2593 2054 2629 fere
2090 2593 2246 2636 referens.
