2435 3188
1664 271 1745 311 363

341 391 371 420 vy.
401 378 629 425 thyrsosdeum
657 375 871 424 (SanER.):
900 376 1055 424 podetiis
1081 375 1222 417 validis,
1262 377 1407 413 ramulis
1440 376 1612 411 extremis
1638 377 1673 412 in
1700 376 1799 424 thyr-

191 448 270 471 sum
298 436 449 471 densum
478 434 672 483 congestis,
692 433 959 483 rpliyllocladiis
986 434 1427 477 subverrucaeformibus‚
1456 434 1653 483 apotlieciis
1681 434 1800 481 (nullis

190 494 228 543 l.)
256 495 415 537 dilatatis,
444 493 698 530 terminalibus.

339 570 434 619 Syn.
469 570 520 606 St.
552 578 770 605 tomentoswn
798 583 827 612 Ὺ.
859 569 1089 617 thyrsoidezcm
1119 569 1284 606 SCHAER.
1313 569 1406 618 Spic.
1431 585 1462 619 p.
1478 571 1561 611 276,
1590 569 1710 605 Enum.
1730 572 1797 605 crit.

241 642 271 676 p.
302 630 367 663 181
396 630 479 675 (sec.
508 627 619 676 ΓΝ.)

340 700 390 735 St.
408 700 573 748 paschale
601 697 637 740 β.
668 699 898 747 tllyrsoideum
925 698 1100 735 RABENH.
1143 699 1188 735 D.
1216 699 1278 735 Kr.
1307 700 1356 736 Fl.
1387 701 1426 737 Il.
1455 716 1487 750 p.
1521 701 1604 743 1123
1646 701 1730 737 FW.
1761 702 1798 737 L.

240 757 298 794 Sil.
327 774 355 794 n.
386 759 440 794 13.

340 828 435 864 Exs.
464 829 611 865 BREUT.
641 828 696 864 Cr.
726 828 770 863 G.
802 844 832 864 n.
866 829 934 864 107
965 831 1049 875 (sec.
1079 829 1194 878 Fvv.).

416 929 457 964 Π.
515 930 664 964 Pmletiis
691 928 971 964 decumbentibus.

337 1004 364 1042 δ.
393 1022 547 1055 serpens.-
587 1007 742 1055 podetiis
772 1007 980 1056 gracilibuS,
1022 1008 1290 1050 ramosissimis,
1332 1009 1434 1057 apice
1465 1009 1668 1051 attenuatis,
1704 1010 1801 1046 saxis

188 1065 383 1102 arctissime
402 1066 593 1114 adpressis,
620 1065 871 1114 phyllocladiis
888 1066 1046 1109 minutis,
1071 1067 1370 1109 subdistantibus,
1395 1068 1692 1111 inciso-crenatis,
1716 1081 1802 1117 apo-

188 1124 312 1160 theciis
338 1124 490 1160 minutis.

339 1233 361 1250 ε.
391 1216 679 1262 conglomeratzmz
710 1215 793 1251 FR.:
822 1215 976 1264 podetiis
996 1216 1154 1259 firmulis,
1182 1217 1630 1259 intricato-ramosissimis,
1660 1216 1801 1265 phyllo-

188 1273 310 1310 cladiis
327 1273 614 1323 conglomeratis,
633 1273 1005 1323 granulato-crenatis,
1024 1275 1222 1323 apotheciis
1241 1276 1496 1318 terminalibus,
1516 1276 1624 1326 vulgo
1642 1276 1799 1312 dilatatis.

338 1364 437 1414 Syn.
469 1365 520 1399 St.
543 1365 713 1413 paschale
738 1364 774 1405 [Β.
803 1366 1092 1411 conglomeratum
1117 1366 1185 1401 FR.
1213 1365 1338 1401 Sched.
1371 1366 1451 1400 Crit.
1479 1366 1537 1400 Ill.
1569 1380 1600 1414 p.
1628 1365 1676 1400 20
1704 1366 1793 1411 (excl

237 1439 307 1473 syn,
335 1424 477 1469 Eheu),
503 1423 606 1471 Stirp.
634 1423 745 1459 Fems.
773 1439 805 1473 p.
833 1424 891 1466 35,
918 1425 1010 1460 Lich.
1036 1424 1118 1460 Eur.
1146 1439 1178 1473 p.
1205 1425 1296 1467 2023
1330 1424 1450 1460 BIANN
1478 1424 1569 1459 Lich.
1596 1424 1739 1460 Bolieni.
1766 1439 1798 1473 p.

237 1483 301 1524 97;
329 1482 495 1519 SCHAER.
526 1482 645 1517 Enum.
678 1485 746 1518 crit.
774 1498 806 1532 p.
841 1485 920 1518 181.

336 1560 387 1594 St.
410 1559 701 1608 dactylopleyllmn
726 1557 761 1599 β.
782 1560 1069 1605 conglomeratum
1090 1558 1190 1594 DUB.
1207 1557 1286 1593 Bot.
1306 1557 1392 1593 Gall.
1412 1558 1452 1593 ΙΙ.
1467 1572 1498 1606 p.
1515 1558 1586 1592 618
1602 1560 1685 1603 (sec.
1701 1562 1800 1606 syn).

333 1629 386 1665 St.
406 1629 573 1677 paschale
599 1627 635 1669 β.
665 1630 953 1675 conglomeratmn
980 1634 1010 1664 Ξ.
1040 1634 1151 1663 mium
1177 1628 1266 1663 Fvv.
1299 1627 1393 1663 Lieh.
1422 1627 1481 1663 Sil.
1509 1643 1538 1662 n.
1572 1628 1626 1662 13.

333 1707 426 1742 Exs.
458 1707 522 1742 FB.
552 1707 589 1742 L.
618 1707 678 1742 Su.
708 1722 737 1742 n.
766 1708 822 1742 89.

334 1804 362 1849 ζ.
416 1804 670 1840 subcrustosmn
686 1804 714 1840 F
718 1817 767 1840 iz:
801 1803 1105 1845 »subcrustosmm
1131 1802 1572 1851 ramuloso-inaequabile,
1602 1801 1799 1851 apotheciis

186 1863 381 1900 maximis«

336 1936 433 1985 Syn.
479 1937 530 1972 St.
553 1937 721 1984 paschale
754 1951 780 1971 c.
813 1934 1068 1971 subcrustosam
1103 1935 1169 1971 FR.
1200 1935 1293 1970 Lich.
1319 1934 1400 1970 Eur.
1434 1949 1467 1983 p.
1494 1934 1584 1968 ²202:
1625 1932 1795 1969 SCHAER.

235 1994 355 2030 Enum.
384 1997 451 2031 crit.
479 2009 511 2043 p.
544 1996 621 2030 181.

334 2066 438 2101 Hah.
467 2079 574 2114 supra
614 2078 723 2114 rupes
762 2066 952 2115 graniticas
987 2070 1022 2101 et
1053 2070 1201 2101 truncos
1234 2070 1499 2113 putrescentes,
1534 2065 1624 2100 intra
1651 2076 1796 2099 muscos

187 2128 250 2159 etc.
277 2124 465 2173 regionum
492 2124 685 2173 praecipue
713 2124 923 2166 borealium,
952 2124 1140 2160 meridiem
1164 2137 1292 2159 versus
1318 2136 1517 2160 rarescens.
1573 2123 1631 2158 Sic
1659 2136 1716 2158 ex.
1743 2135 1794 2172 gr.

187 2182 464 2232 vulgatissimum
492 2189 545 2219 est
575 2184 609 2219 in
636 2184 830 2232 Lapponia,
862 2184 991 2219 Suecia
1019 2183 1156 2219 boreali
1185 2188 1220 2218 et
1246 2183 1374 2224 media,
1404 2182 1585 2231 Norvegia
1601 2181 1794 2223 etFennia,

188 2241 251 2276 sed
275 2243 348 2288 jam
375 2242 409 2277 in
437 2243 566 2278 Suecia
605 2243 746 2278 australi
788 2255 893 2291 quam
924 2245 975 2278 St.
1004 2252 1223 2278 tomentosnm
1251 2242 1374 2277 rarius.
1429 2242 1535 2277 Locis
1561 2241 1734 2276 montosis
1762 2246 1796 2277 et

188 2298 309 2346 alpinis
335 2301 435 2336 adest
460 2307 577 2337 tamen
606 2302 737 2350 passim
765 2302 799 2337 in
827 2301 1032 2343 Germania,
1059 2300 1232 2342 Helvetia,
1263 2300 1377 2336 Gallia
1400 2300 1612 2336 occidentali
1641 2304 1675 2335 et
1698 2300 1795 2336 ltalia

188 2358 372 2406 (GAROV.)
401 2365 436 2394 ut
461 2361 563 2396 etiam
591 2360 626 2395 in
654 2361 836 2409 Hispania,
868 2361 927 2396 ubi
955 2373 1073 2409 specc.
1100 2359 1242 2400 minuta,
1271 2359 1402 2395 sterilia
1429 2359 1474 2394 ad
1505 2359 1607 2408 Lugo
1636 2359 1794 2396 Galiciae

190 2414 223 2449 in
245 2416 391 2463 rupibus
417 2419 587 2454 schistos-is
611 2419 754 2468 collegit
778 2420 807 2455 J.
838 2420 981 2456 IAANGE.
1036 2420 1066 2454 E
1094 2418 1212 2454 multis
1240 2418 1329 2454 locis
1350 2418 1663 2467 extra-europaeis
1690 2432 1793 2467 prae-

190 2479 287 2509 terea
314 2474 501 2512 indicatum
530 2484 591 2519 est,
620 2479 685 2514 sed
714 2479 870 2514 maxima
899 2491 984 2513 cura
1009 2478 1044 2513 in
1071 2477 1112 2513 iis
1137 2477 1330 2513 afferendis
1359 2491 1450 2526 opus
1476 2485 1543 2514 est:
1584 2477 1650 2526 ipsi
1677 2477 1793 2526 speci-

191 2531 284 2566 mina
297 2532 446 2569 vidimns
471 2548 490 2570 e
516 2536 641 2572 Sibiria
670 2538 887 2585 (TiLsssms).
917 2536 1139 2572 Gronlandia
1166 2536 1391 2584 (Wonmsm.
1421 2537 1577 2586 aliique),
1607 2536 1794 2572 Labrador

189 2589 304 2636 (berb.
333 2591 362 2625 J.
389 2592 526 2641 VAHL.)
552 2600 586 2630 et
615 2595 716 2631 Nova
743 2596 883 2645 Anglia,
913 2596 972 2631 ubi
1000 2600 1074 2632 tum
1102 2596 1137 2631 in
1164 2596 1315 2645 regione
1340 2595 1479 2631 littorali
1507 2608 1616 2644 quum
1642 2595 1676 2630 in
1707 2595 1792 2644 alpi-

189 2649 241 2684 nis
269 2648 468 2696 (Montibus
494 2652 613 2700 Albis)
643 2653 812 2702 frequens
839 2654 906 2690 sub
941 2655 1047 2691 Variis
1084 2655 1218 2690 formis.
1260 2678 1304 2683 —
1347 2655 1448 2690 Varr.
1477 2660 1510 2690 et
1535 2654 1673 2689 formae
1699 2653 1791 2688 inter
