2435 3188
1664 267 1718 308 49

171 368 342 404 torianam
367 366 548 408 conduxit,
585 367 705 414 plures
738 365 844 413 hujus
881 365 997 412 gentis
1023 365 1159 402 liberos
1185 366 1313 402 virtute
1340 367 1457 404 claros
1484 369 1550 404 sibi
1580 372 1770 418 proximos

169 425 266 467 fecit,
295 437 386 474 quos
411 424 503 460 inter
531 426 634 472 Djaeff
655 424 810 465 eminuit,
851 424 908 459 cui
941 424 976 459 in
1005 424 1139 460 ditione
1167 425 1345 461 Samirrae
1385 426 1531 474 praedia
1558 427 1591 462 in
1621 428 1767 465 feudum

169 484 249 520 data
272 487 361 525 sunt,
392 495 483 531 quae
511 483 571 518 diu
598 488 680 531 post
706 495 814 518 omne
843 495 970 518 eorum
985 495 1101 532 genus
1118 484 1333 519 exstinctum
1362 484 1457 520 bona
1486 485 1582 532 Djufi
1612 488 1766 535 appella-

168 542 303 578 bantur.
356 543 466 576 Anno
496 542 567 577 -247
595 542 709 590 pridie
737 554 843 591 quam
872 540 1144 578 el-Mutevekkil
1172 547 1354 590 peremtus
1377 547 1445 584 est,
1472 543 1565 590 Djus
1585 545 1769 591 Baghdadi

167 600 262 642 obiit,
291 604 325 636 et
350 599 481 635 familia
507 602 586 647 ejus
613 600 648 636 111
676 601 834 636 diversas
872 605 984 636 terras
1025 600 1186 649 dispersa
1212 601 1397 649 stipendiis
1425 602 1606 638 merendis
1635 604 1764 640 victum

165 658 232 698 sibi
258 671 468 707 comparare
509 664 633 696 coacta
662 664 723 696 est.
788 660 845 695 De
870 659 1015 708 reliquis
1040 659 1185 696 historia
1210 664 1312 701 tacet,
1355 660 1465 695 filium
1497 662 1631 708 Togladj
1658 665 1767 712 (quae

165 729 237 753 vox
277 717 311 752 in
353 717 472 766 lingua
512 718 724 768 Ferghanae
764 718 1146 754 Abd-el-Rahmanum
1185 732 1212 755 s.
1242 732 1386 755 servum
1421 719 1490 755 Dei
1523 720 1767 758 misericordis

163 775 362 825 significare
389 776 532 826 dicitur)
558 778 674 814 solum
703 790 1002 819 commemorans,
1032 777 1092 826 qui
1117 778 1329 827 Aegyptum
1351 778 1488 825 petiens
1505 778 1658 826 primum
1673 781 1767 829 apud

162 833 323 877 Lulfium,
346 834 523 872 Alunedis
550 836 751 872 Tulunidae
780 837 1004 885 mancipium,
1033 849 1073 872 se
1098 837 1242 886 recepit,
1268 840 1394 885 postea
1421 849 1508 872 vero
1536 837 1571 872 in
1601 837 1765 875 familiam

161 898 328 942 receptus
352 899 406 930 est
427 894 546 944 Ishaqi
575 895 885 945 ibn-Qondudjiq,
917 895 976 944 qui
1007 895 1166 931 omnium
1200 901 1374 931 terrarum
1408 896 1499 932 inter
1528 896 1766 946 Baghdadum

164 956 199 988 et
233 952 522 997 el—Qairevanam
564 955 709 991 sitarum
746 955 947 1003 praefectus
968 956 1042 1002 jam
1071 955 1130 990 diu
1156 968 1176 990 a
1204 954 1347 990 Khalisa
1373 954 1594 991 renuntiatus
1622 963 1705 997 erat,
1734 962 1768 993 et

161 1024 242 1047 cum
279 1025 324 1048 eo
367 1025 479 1062 usque
519 1014 565 1049 ad
601 1018 780 1050 mortuum
816 1014 1022 1050 Ahmedem
1062 1013 1271 1050 ben-Tulun
1299 1027 1327 1050 a.
1357 1015 1430 1050 270
1459 1015 1564 1062 (580)
1593 1016 1762 1051 continue

160 1071 257 1106 vixit.
311 1072 398 1107 Post
422 1072 542 1108 varios
571 1073 652 1109 belli
679 1073 713 1108 in
742 1073 847 1122 Syria
873 1073 964 1122 gesti
992 1086 1106 1115 casus,
1136 1086 1244 1122 quum
1271 1073 1413 1109 tandem
1445 1086 1474 1108 a.
1502 1074 1574 1109 275
1603 1073 1694 1109 inter
1716 1075 1766 1110 Is-

160 1128 291 1178 haqum
332 1130 430 1166 illum
458 1137 493 1167 et
517 1132 796 1180 Khumardjam,
837 1131 1013 1167 Ahmedis
1041 1132 1241 1167 Tulunidae
1270 1131 1390 1174 filium,
1419 1144 1491 1180 pax
1522 1133 1764 1173 convenisset,

162 1187 218 1223 hic
245 1188 453 1238 Toghdjum
480 1196 576 1227 tanto
605 1191 894 1240 prosequebatur
921 1191 1044 1226 favore
1070 1195 1105 1226 et
1133 1191 1262 1233 studio,
1292 1196 1328 1227 ut
1360 1203 1442 1226 eum
1470 1191 1515 1226 ab
1543 1190 1672 1241 lshaqo
1707 1205 1765 1227 ae—

159 1252 300 1296 ceptum
322 1249 416 1298 apud
444 1262 483 1285 se
499 1263 645 1299 semper
672 1251 841 1286 retineret
873 1251 1040 1299 adeoque
1068 1250 1265 1285 cumularet
1290 1249 1486 1292 benefieiis,
1525 1254 1562 1286 ut
1588 1263 1660 1286 non
1688 1263 1765 1286 rem

158 1306 269 1342 modo
310 1321 454 1344 omnem
482 1309 689 1345 familiarem
717 1323 855 1359 suaque
889 1309 1009 1345 omnia
1043 1310 1122 1356 ejus
1148 1309 1387 1345 committeret
1413 1322 1535 1350 curae,
1565 1310 1630 1345 sed
1658 1310 1763 1346 etiam

158 1365 339 1402 Damasco
367 1372 402 1403 et
423 1368 606 1405 Tiberiadi
630 1382 774 1405 servum
806 1381 926 1404 carum
954 1369 1175 1417 praeficeret.
1219 1368 1365 1404 Deinde
1393 1381 1487 1404 anno
1521 1369 1594 1405 270
1622 1369 1765 1405 Halebo

159 1425 377 1473 praefectus,
405 1427 439 1462 in
470 1440 511 1463 ea
541 1429 667 1464 mansit
695 1428 895 1477 provincia,
926 1427 1045 1463 donec
1072 1439 1166 1462 anno
1195 1428 1267 1462 282
1295 1432 1330 1463 et
1358 1426 1584 1475 Khumaruja
1609 1428 1762 1464 trucida-

156 1489 254 1520 retur
280 1490 314 1521 et
340 1486 417 1534 ipse
446 1486 491 1522 de
517 1500 666 1523 munere
694 1488 920 1535 dejiceretur.
976 1487 1059 1530 Quo
1087 1490 1171 1522 tunc
1196 1499 1278 1522 sese
1301 1486 1453 1527 verterit,
1478 1499 1551 1522 non
1567 1487 1651 1523 satis
1677 1501 1763 1524 con-

156 1548 230 1579 stat.
275 1546 486 1595 Aegyptum
515 1559 597 1582 eum
625 1547 755 1582 adiisse
779 1547 855 1582 veri
880 1545 1097 1582 simillimum
1122 1550 1184 1581 est.
1239 1547 1363 1581 Partes
1390 1550 1517 1594 postea
1549 1546 1762 1583 el-Muktefii

157 1602 322 1646 kbalisae,
362 1605 421 1653 qui
454 1618 567 1642 annos
595 1606 794 1641 289—295
821 1604 1002 1655 regnabat,
1029 1604 1218 1653 amplexus
1246 1609 1309 1641 est.
1365 1605 1505 1641 Scimus
1534 1605 1639 1648 enim,
1668 1605 1762 1641 hunc

156 1661 319 1698 khalifam
356 1663 563 1713 Toghdjum
591 1677 621 1701 a.
651 1665 724 1699 292
752 1664 895 1700 Halebo
924 1664 1045 1700 denuo
1087 1664 1320 1712 praefecisse,
1350 1677 1523 1713 eumque,
1562 1664 1632 1700 1106
1673 1671 1761 1700 tem-

155 1733 243 1769 pore
279 1722 311 1757 in
340 1724 514 1773 Aegypto
541 1724 743 1772 degentem,
774 1736 883 1772 quum
913 1722 1093 1759 Halebum
1119 1728 1215 1759 esset
1239 1723 1423 1772 profectus
1450 1736 1570 1772 eoque
1597 1723 1761 1759 advenis-

154 1786 217 1822 set,
241 1781 393 1828 Jubellte
421 1782 549 1818 khalisa
563 1782 798 1832 Baghdadum
825 1782 1042 1831 perrexisse.
1096 1783 1135 1818 In
1161 1781 1227 1817 hac
1252 1782 1341 1818 urbe
1357 1782 1573 1831 aliquamdiu
1603 1787 1760 1818 moratus

154 1840 242 1876 iram
272 1841 382 1877 movit
408 1841 600 1878 el-Abbari
627 1842 880 1877 ibn-el-Hasan
909 1842 1039 1877 summi
1067 1841 1188 1882 veziri,
1219 1841 1278 1890 qui
1306 1842 1480 1877 adversos
1507 1841 1571 1876 viri
1595 1841 1759 1890 pollentis

155 1904 303 1936 conatus
328 1905 501 1941 metuens,
527 1914 611 1936 eum
639 1913 803 1936 unacum
834 1900 907 1936 filio
934 1900 1165 1936 Abu-Bekro
1195 1899 1450 1937 Muhammede
1466 1900 1501 1935 in
1517 1900 1657 1935 vincula
1671 1912 1760 1936 eon-

147 1959 244 2007 jecit.
299 1960 381 2004 Quo
407 1959 443 1995 in
470 1972 616 1996 carcere
646 1959 789 2010 Toghdj
818 1964 898 1996 ante
926 1972 1058 1996 annum
1091 1960 1163 1994 296
1192 1972 1212 1996 e
1239 1959 1309 1995 vita
1340 1959 1503 1996 decessit.

303 2079 413 2115 Pilius
439 2084 557 2115 autem
588 2081 666 2127 ejus
693 2079 922 2115 Mzdeammerl
945 2078 1064 2127 paullo
1091 2085 1172 2127 post
1198 2083 1334 2127 patrem
1363 2083 1543 2112 mortuum
1580 2076 1613 2111 in
1650 2076 1755 2111 liber-

151 2142 257 2173 tatem
287 2138 482 2180 restitutus,
512 2138 546 2174 in
573 2138 679 2174 variis
713 2138 887 2187 temporis
922 2137 1065 2173 casibus
1093 2137 1326 2185 conspicuum
1355 2135 1567 2184 propediem
1595 2148 1634 2170 se
1663 2134 1753 2169 feeit.

152 2198 271 2241 Quum
299 2210 393 2233 anno
418 2198 491 2232 296
519 2197 710 2233 el—Husein
746 2197 972 2233 Hamdanida
1001 2197 1076 2232 dux
1108 2196 1165 2231 ille
1205 2196 1337 2236 clarus,
1378 2194 1626 2241 conjuratione
1666 2193 1756 2228 facta

130 2255 308 2291 ‘vezirum
350 2255 447 2292 illum
481 2269 501 2292 e
538 2256 658 2292 medio
686 2256 840 2298 tolleret,
870 2256 929 2305 qui
957 2255 1130 2291 adversus
1160 2256 1382 2301 conjuratos,
1421 2252 1586 2288 khalifam
1621 2264 1754 2287 novum

150 2313 429 2351 lbn-el-Mutezz
452 2315 623 2357 volentes,
648 2316 730 2362 jura
750 2314 994 2363 el-Muqtadiri
1010 2313 1145 2351 domini
1170 2313 1317 2348 firmiter
1341 2311 1564 2352 defendebat,
1592 2309 1754 2346 Muham-

152 2373 247 2408 medi
275 2378 310 2409 et
335 2373 586 2410 Ubeid-allaho
606 2373 764 2424 Toghdji
792 2374 870 2409 filiis
898 2373 994 2411 licuit
1020 2372 1210 2408 vindictam
1240 2371 1284 2407 ab
1312 2370 1414 2406 hoste
1437 2369 1664 2406 infestissimo
1692 2381 1752 2418 pa-

153 2431 215 2467 tris
241 2444 395 2468 sumere.
447 2434 648 2482 Imperante
677 2431 1061 2481 el-Muqtadiro-billah
1088 2430 1217 2466 khalifa
1244 2429 1366 2465 turbas
1396 2437 1430 2464 et
1458 2428 1549 2464 bella
1577 2429 1609 2464 in
1639 2428 1752 2463 010111-

151 2489 217 2525 bus
256 2490 331 2526 fere
365 2491 504 2539 imperii
531 2491 689 2539 partibus
717 2491 866 2526 excitari
891 2491 1064 2526 videmus.
1120 2488 1199 2524 Non
1229 2489 1478 2524 Carmatenses
1505 2487 1571 2522 soli
1598 2487 1632 2522 in
1660 2488 1752 2522 Ara-

151 2546 209 2582 bia
235 2553 270 2583 et
296 2549 330 2584 in
358 2549 481 2584 Africa
507 2549 704 2584 Fatimidae
737 2548 966 2585 fundamenta
998 2547 1099 2597 regni
1124 2551 1286 2582 evertere
1314 2545 1544 2587 conabantur,
1573 2545 1637 2581 sed
1665 2557 1751 2592 pro-

152 2605 344 2642 vinciarum
373 2607 477 2642 etiam
505 2607 685 2655 praefecti,
713 2606 855 2643 turbine
882 2607 983 2655 quasi
1014 2606 1148 2654 potenti
1175 2605 1251 2646 acti,
1280 2605 1315 2641 in
1345 2604 1562 2641 rebelliones
1594 2603 1751 2651 undique

1597 2676 1616 2685 ,-

1602 2687 1612 2710 Ι
