2435 3188
718 285 771 326 66

810 390 930 435 Quum
956 388 1014 425 hic
1040 388 1147 425 nobis
1174 387 1400 438 propositum
1429 400 1503 424 non
1528 387 1642 429 fuerit,
1671 386 1792 423 omnia
1820 385 2126 435 nomina,quibus
2144 385 2265 434 appel-

661 451 752 488 latae
790 452 872 486 sunt
896 460 962 485 eae
990 460 1158 491 araneae,
1184 459 1272 496 quas
1314 459 1532 496 percensere
1558 458 1653 482 nunc
1692 445 1885 486 debemus,
1911 444 2070 493 undique
2094 448 2266 493 congesta

661 511 790 547 afferre
818 508 1009 558 (ingratum
1035 519 1122 543 sane
1152 518 1243 554 opus
1267 512 1303 541 et
1331 505 1431 554 quod
1456 509 1643 553 praeterea
1671 504 1765 540 effici
1789 504 1850 540 vix
1877 506 2020 553 potest),
2048 503 2113 540 sed
2131 507 2265 539 tantum

662 568 855 606 ostendere
881 565 1111 607 voluerimus,
1138 564 1245 601 bonis
1274 562 1573 611 descriptionibus
1597 566 1632 598 et
1652 562 1773 612 figuris
1793 562 1999 604 indicandis,
2018 575 2110 612 quae
2125 562 2266 611 species

661 627 808 678 singulis
846 624 1068 666 nominibus,
1106 635 1127 658 a
1154 621 1337 658 veteribus
1372 621 1438 658 illis
1472 620 1706 670 scriptoribus
1734 621 1840 663 datis,
1868 633 1955 657 vere
1981 621 2167 669 subjectae
2195 620 2264 656 sint

662 692 698 724 et
734 699 807 736 quo
848 683 993 720 nomine
1037 694 1132 718 nunc
1171 680 1341 730 appellari
1374 680 1531 717 debeant
1551 702 1596 707 ——-
1616 692 1724 729 quum
1763 679 1868 729 igitur
1892 679 1962 715 hoc
1988 685 2120 716 tantum
2147 679 2264 715 conati

661 747 781 787 simus,
819 742 918 779 multi
952 741 1097 791 quidem
1127 752 1200 776 non
1228 744 1310 776 sunt
1341 739 1551 788 scriptores,
1579 739 1625 775 de
1653 738 1782 788 quibus
1809 739 2027 774 mentionem
2053 739 2203 775 fecimus
2231 742 2266 774 et

662 816 815 856 quorum
853 801 899 838 ad
937 813 1049 850 opera
1089 811 1169 841 eos,
1207 798 1267 848 qui
1309 797 1398 834 haec
1424 798 1557 848 legant,
1585 797 1844 834 revocavimus.
1901 798 1990 833 Cum
2015 797 2264 847 arachnologis

660 863 827 905 suecicis,
847 872 939 910 quos
955 871 1082 895 omnes
1098 858 1347 907 produximus,
1361 857 1577 894 FABfflcmM
1592 857 1668 893 fere
1684 856 1800 893 solum
1820 869 1868 892 ex
1883 857 2064 893 veteribus
2080 856 2262 906 elegimus,

661 937 709 960 ex
741 919 1003 958 recentioribus
1039 922 1158 954 autem
1184 920 1315 966 praeter
1340 921 1482 953 ceteros
1507 917 1855 953 WALCKENAERIUM
1880 916 2058 966 (Histoire
2084 917 2264 952 Naturelle

662 985 718 1019 (les
743 983 898 1017 Insectes.
927 979 1075 1028 Aptbres
1098 977 1213 1018 I—V‚
1239 976 1274 1011 in
1302 976 1415 1012 Saites
1439 979 1461 1011 ῐι
1487 976 1648 1025 quffon)
1671 980 1706 1011 et
1732 975 1918 1012 HAHNIUM
1945 979 2050 1024 atque
2078 976 2264 1012 KOCHIUM

659 1042 755 1092 (Die
792 1039 1012 1074 Arachniden
1039 1038 1105 1072 Bd.
1149 1035 1349 1085 J—XVJ)
1384 1034 1514 1084 quibus
1549 1034 1722 1083 imprimis
1747 1034 1837 1070 haec
1865 1033 2064 1082 disciplina,
2092 1038 2128 1070 ut
2154 1033 2262 1070 hodie

661 1105 731 1143 est,
769 1098 934 1135 innititur.
992 1095 1060 1131 Ubi
1098 1106 1187 1131 vero
1223 1094 1363 1142 species
1390 1098 1529 1130 nostras
1559 1093 1792 1142 scriptoribus
1820 1093 2030 1142 posterioris
2058 1093 2180 1129 aetatis
2205 1097 2264 1129 aut

658 1162 798 1208 ignotas
826 1169 907 1193 esse
933 1155 1103 1196 vidimus,
1136 1156 1196 1189 aut
1222 1152 1266 1189 ab
1293 1152 1335 1188 iis
1361 1165 1435 1188 non
1461 1153 1544 1188 satis
1582 1157 1747 1189 accurate
1774 1152 1984 1201 descriptas,
2013 1158 2086 1188 tum
2111 1152 2179 1200 ipsi
2203 1164 2264 1188 eas

660 1217 883 1257 describere,
924 1213 1045 1264 quoad
1086 1212 1231 1249 facultas
1271 1211 1360 1254 tulit,
1389 1212 1506 1248 conati
1532 1224 1664 1248 sumus.
1721 1211 1890 1253 Nomina,
1919 1224 2011 1261 quae
2036 1211 2142 1248 nobis
2167 1215 2263 1247 certa

660 1283 694 1314 et
720 1276 907 1325 explorata
931 1273 1005 1309 visa
1033 1284 1107 1308 non
1132 1276 1228 1313 sunt,
1256 1271 1292 1306 in
1320 1272 1566 1319 «Synonyma»
1594 1283 1668 1306 non
1693 1270 1894 1312 retulimus,
1911 1270 1977 1306 nisi
1992 1271 2088 1319 apud
2105 1270 2263 1319 descrip-

659 1338 775 1373 tiones
801 1347 821 1370 a
850 1332 954 1369 nobis
982 1331 1096 1373 datas,
1121 1335 1155 1366 at
1179 1334 1253 1366 tum
1280 1342 1425 1378 semper
1451 1330 1553 1379 signo
1577 1329 1866 1379 interrogationis
1893 1330 2066 1378 apposito.
2115 1329 2264 1378 Species

658 1395 911 1434 WESTRINGII,
955 1402 1104 1440 quarum
1148 1389 1184 1425 in
1223 1389 1440 1437 synonymis
1480 1388 1699 1424 mentionem
1740 1388 1906 1431 fecimus,
1941 1401 2068 1425 omnes
2103 1388 2263 1438 cognitas

658 1454 848 1495 habemus,
878 1462 987 1500 quum
1015 1448 1082 1498 ipsi
1109 1460 1170 1484 eas
1196 1447 1400 1484 viderimus.
1454 1447 1600 1483 Nomen
1628 1447 1844 1496 synonymis
1868 1447 2074 1496 proximum
2102 1454 2137 1484 et
2165 1447 2263 1484 unci-

658 1514 712 1549 nis
737 1513 832 1562 ([])
862 1509 1038 1547 inclusum
1063 1507 1100 1543 id
1126 1510 1194 1549 est,
1223 1519 1295 1556 quo
1319 1518 1479 1555 specleni
1505 1519 1600 1542 nunc
1627 1505 1873 1555 appellandam
1901 1519 1982 1542 esse
2010 1518 2209 1543 censemus.

798 1704 851 1755 A.
886 1698 1108 1752 Recensio
1150 1715 1411 1748 aranearum
1448 1716 1474 1748 a
1511 1698 1755 1748 Cnnsscino
1793 1697 2120 1767 descriptarum.

811 1843 932 1887 Quum
974 1840 1202 1879 CLEReKms,
1242 1840 1280 1872 ut
1316 1847 1424 1884 supra
1461 1834 1698 1876 ostendimus,
1730 1835 1913 1871 LINNAEUM
1944 1838 1979 1870 et
2008 1834 2067 1870 DE
2096 1834 2261 1870 GEERUM

658 1907 759 1939 aetate
799 1898 995 1940 antecedat,
1036 1897 1080 1933 ab
1114 1896 1205 1933 illius
1229 1895 1321 1931 libro
1363 1894 1409 1929 de
1449 1894 1598 1936 araneis,
1626 1892 1794 1930 Suethice
1823 1897 1858 1928 et
1887 1893 2010 1929 Latine
2037 1893 2258 1941 conscripto,

657 1962 792 1999 initium
820 1959 986 1995 facimus:
1015 1955 1073 1992 hic
1098 1955 1191 1991 liber
1214 1954 1261 1990 ita
1282 1952 1499 1990 inscribitur:

804 2077 1062 2124 SVENSKA
1106 2076 1377 2120 SPINDLAR
1420 2075 1476 2116 uti
1518 2075 1603 2115 sina
1633 2073 1956 2128 Hufiffudslci’ffler
1985 2074 2130 2114 indelte
2160 2077 2261 2115 samt

658 2149 779 2192 under
807 2147 931 2199 migra
961 2143 1035 2186 och
1064 2142 1196 2185 sextio
1227 2140 1439 2182 siirskildte
1470 2142 1580 2179 arter
1608 2138 1825 2180 beskrefne
1855 2139 1928 2179 och
1957 2138 2045 2178 med
2067 2138 2261 2178 illumine-

656 2215 751 2255 rade
780 2213 927 2266 figurer
956 2210 1158 2264 upplyste,
1187 2207 1237 2261 pa
1265 2205 1411 2259 Kongl.
1440 2203 1637 2246 Vetensk.
1666 2203 1814 2244 Societ.
1846 2203 1857 2242 i
1887 2202 2028 2256 Upsala
2044 2202 2261 2256 besallning

654 2278 809 2332 utgifne
837 2276 883 2315 af
908 2275 999 2316 dess
1029 2273 1222 2314 Ledamot
1253 2270 1358 2311 CARL
1390 2269 1564 2309 CLERCK.

802 2370 951 2411 CAROLI
981 2369 1144 2410 GLERCK
1173 2367 1273 2420 Reg.
1312 2367 1404 2408 Soo.
1435 2364 1582 2405 Soient.
1611 2363 1741 2416 Upsal.
1770 2362 1934 2402 Membr.
1964 2361 2121 2403 ARANEI
2150 2363 2259 2404 Svs-

658 2448 754 2484 clei,
784 2432 1126 2485 Descr1plionihus
1156 2435 1196 2473 et
1225 2429 1360 2484 figuris
1390 2427 1522 2468 aeneis
1550 2427 1753 2475 illustrati,
1783 2426 1832 2467 ad
1861 2428 2018 2468 Genera
2034 2426 2258 2467 subalterna

655 2498 824 2546 redacti,
840 2495 1059 2549 Speciebus
1074 2495 1176 2536 ultra
1191 2495 1269 2534 Lx
1285 2491 1550 2540 determinati,
1566 2490 1747 2542 auspiciis
1764 2489 1916 2544 Regiae
1932 2489 2147 2531 Societatis
2163 2489 2256 2531 Sci-

658 2563 849 2604 enliarum
877 2558 1131 2614 Upsaliensis.
1163 2555 1479 2604 Stockholmiae,
1509 2554 1657 2595 Literis
1686 2556 1802 2594 Laur.
1833 2554 1954 2597 Salvii
1983 2555 2256 2596 MDCCLVII.
