2435 3188
1819 267 1846 307 3

425 372 455 408 7.
513 371 707 416 Stenstugu
741 369 933 417 paroeciae
973 370 1135 415 Ahlskog.
1176 369 1287 403 Juxta
1312 369 1409 404 varia
1435 375 1730 406 ornamentorum
1752 373 1898 408 bacillo-

273 442 426 478 rumque
454 442 502 464 ex
529 432 678 477 argento
707 427 906 475 fragmenta
934 439 1016 462 cum
1047 427 1166 462 frustis
1195 427 1364 474 capsulae
1387 440 1543 468 aeneae,
1580 430 1667 463 1311
1701 431 1797 464 numi
1823 432 1896 466 col-

272 487 353 522 lecti
378 491 460 522 sunt
479 486 603 521 harum
631 485 852 534 specierum:
869 487 918 520 20
948 485 1098 521 danici
1127 484 1425 532 (Hardhaknuti),
1451 498 1617 521 suecus
1645 488 1764 534 (Olavi
1793 490 1896 524 Skot-

271 546 452 593 konung),
482 546 502 579 4
531 543 743 580 irlandici
783 543 974 592 (Sithrici),
1006 544 1077 578 264
1123 543 1527 591 anglosachsonici
1555 545 1655 592 (inde
1684 545 1728 580 ab
1750 546 1897 582 Aethel-

271 603 360 639 redo
386 615 501 651 usque
526 602 571 637 ad
598 601 808 637 Edvardum
838 601 1123 650 confessorem),
1144 603 1190 637 35
1220 602 1389 650 anglici
1407 602 1609 649 (Guiliclmi
1631 605 1893 652 Conquestoris

269 666 304 697 et
333 660 516 697 Guilielmi
542 660 658 709 Rufi),
684 660 755 695 974
785 659 1036 708 germanici
1068 659 1174 706 hujus
1202 660 1350 701 aevi‚et
1382 661 1425 695 13
1452 663 1600 708 casici
1632 662 1664 696 in
1695 662 1803 698 frusta
1831 664 1893 698 dif—

270 720 379 755 fracti.
425 719 505 754 Hos
532 719 626 753 inter
652 723 724 753 tres
750 718 871 753 inveni
897 717 1199 753 abbasidicos
1225 718 1428 767 decemque
1455 731 1543 754 sam
1555 720 1777 756 anidicos.
1820 722 1895 756 Sic-

271 784 306 813 ut
348 777 517 826 proxime
557 780 752 825 sequentes
779 775 952 817 thesauri,
987 775 1043 811 hic
1083 788 1230 825 quoque
1258 789 1354 812 anno
1385 778 1481 812 1853
1511 777 1674 814 detectus
1712 784 1774 815 est.
1806 782 1894 828 (InV.

271 836 395 884 1979).

420 904 453 939 8.
509 904 703 949 Isemzzmgs
741 902 934 950 paroeciae
979 903 1120 938 Hellm'k.
1174 903 1214 938 In
1242 915 1331 952 agro
1359 903 1493 944 novali,
1521 904 1579 952 qui
1609 904 1692 939 olim
1723 918 1894 953 pascuum

268 962 397 1003 fuerat,
428 962 474 997 78
501 960 630 1009 integri
658 966 693 997 et
716 961 737 995 3
766 960 867 995 fracti
895 961 1040 996 clirlzemi
1065 961 1198 996 inventi
1225 966 1322 1002 sunt,
1352 961 1427 1010 qui,
1457 975 1525 997 sex
1554 961 1834 999 abbasidicis
1860 964 1895 999 in

270 1020 360 1056 urbe
387 1019 524 1059 salutis,
567 1018 825 1054 el-Schaschae
872 1031 914 1054 ac
943 1019 1230 1068 Samerqandae,
1260 1026 1294 1055 et
1336 1020 1608 1056 Saffaridico
1643 1020 1836 1057 Schirazae
1865 1035 1893 1057 a.

268 1079 341 1114 283
368 1091 475 1119 cuso,
505 1077 684 1125 exceptis,
715 1090 843 1113 omnes
871 1078 1139 1113 samaniclici
1168 1085 1283 1119 erant,
1320 1079 1410 1114 intra
1447 1092 1562 1114 annos
1600 1080 1815 1121 280-305,
1850 1081 1893 1115 ab

267 1136 427 1177 Ismailo,
460 1135 632 1171 Ahmedo
661 1140 696 1171 et
721 1135 838 1171 Nasro
869 1136 902 1171 in
931 1136 1083 1172 urbibus
1110 1136 1386 1178 el-Schaschae,
1417 1138 1704 1186 Samerqandae,
1734 1138 1894 1174 Balkhae

266 1202 301 1232 et
328 1194 546 1230 Enderabae
571 1194 708 1244 signati.
737 1196 826 1241 (Inv.
860 1195 983 1244 1978).

419 1263 452 1298 9.
509 1264 616 1298 Stora
650 1263 761 1309 Siglei
784 1278 800 1297 s
849 1262 1043 1310 paroeciae
1084 1263 1173 1298 Niz's.
1226 1262 1268 1298 In
1293 1274 1381 1297 arvo
1413 1262 1604 1304 fodiendo,
1635 1263 1696 1299 ubi
1734 1264 1892 1312 lapidum

267 1321 460 1371 congeries
502 1321 632 1363 fuerat,
661 1333 793 1357 numus
819 1320 1124 1356 samanidicus
1155 1319 1430 1369 (el-Schaschae
1458 1334 1487 1356 a.
1517 1322 1607 1371 298)
1635 1326 1801 1370 repertus
1832 1328 1893 1358 est.

264 1381 353 1428 (Inv.
385 1381 507 1429 1989).

423 1449 476 1483 10.
532 1448 721 1483 Salrtzrcrzdv
757 1446 951 1495 paroeciae
991 1446 1185 1495 Miisterby.
1241 1446 1391 1483 Villicus
1421 1448 1514 1483 inter
1541 1447 1683 1484 diversa
1701 1461 1892 1484 ornamen-

267 1513 385 1543 torum
415 1511 522 1555 atque
546 1505 690 1541 filorum
719 1518 766 1540 ex
793 1510 944 1554 argento
972 1505 1172 1554 fragmenta
1199 1506 1272 1541 303
1296 1518 1427 1541 numos
1454 1506 1615 1555 integros
1649 1519 1730 1542 cum
1759 1507 1894 1556 aliquot

268 1565 387 1601 fractis
414 1565 447 1600 in
478 1577 566 1613 agro
595 1563 693 1599 humi
729 1577 877 1612 sparsos
914 1563 1057 1599 invenit.
1115 1563 1311 1599 Commixti
1338 1569 1440 1600 erant
1471 1566 1540 1600 110
1572 1565 1891 1615 anglosachso-

265 1624 356 1659 nici
396 1622 625 1669 (Aethelredi
654 1630 689 1657 et
718 1622 877 1669 Canuti),
917 1622 938 1656 3
969 1621 1182 1658 irlandici
1223 1621 1382 1669 (Sithrici
1408 1624 1488 1670 ΙΙΙ),
1533 1625 1603 1659 188
1644 1625 1891 1673 germanici

265 1682 460 1718 maximam
487 1686 625 1730 partem
654 1680 798 1716 ottonis
821 1685 856 1715 et
881 1679 1129 1721 Adelheidae,
1157 1685 1192 1715 et
1218 1681 1240 1715 2
1269 1681 1399 1731 integri
1427 1694 1469 1717 ac
1494 1683 1516 1717 6
1540 1682 1640 1718 fracti
1666 1685 1816 1730 casici.
1845 1684 1891 1718 Hi

266 1754 394 1777 omnes
429 1738 696 1777 samanidiei
727 1738 872 1788 generis
900 1744 1016 1779 erant,
1046 1738 1326 1781 el—Schaschae,
1357 1741 1626 1789 Samerqandae
1653 1746 1687 1776 et
1714 1741 1891 1788 NejSabu-

267 1812 328 1835 rae
356 1799 458 1835 annis
482 1799 570 1840 283,
595 1799 669 1834 290
701 1802 736 1833 et
763 1799 834 1832 304
864 1797 1021 1846 procusi.
1049 1798 1139 1845 (InV.
1172 1799 1295 1847 1948).

420 1868 475 1901 11.
528 1867 703 1913 Botarfve
735 1865 925 1913 paroeciae
958 1866 1067 1900 Il'dte.
1121 1865 1160 1900 In
1187 1877 1275 1914 agro
1301 1866 1438 1901 arando
1477 1867 1606 1902 tlirlzem
1651 1866 1891 1902 samanidi-

266 1937 342 1961 cus
369 1924 602 1971 (Enderabae
629 1937 658 1959 a.
686 1924 778 1972 291)
807 1924 973 1959 inventus
1002 1928 1065 1959 est.
1094 1924 1183 1970 (Inv.
1217 1923 1340 1973 1977).

423 1993 479 2027 12.
532 1993 764 2039 Rangsarfve
791 1991 984 2039 paroeciae
1016 1991 1106 2029 Nc'is,
1161 1990 1201 2026 In
1233 2003 1321 2026 arvo
1345 1993 1527 2038 jacentem
1556 2004 1705 2027 numum
1740 1992 1889 2038 buvej-

266 2049 481 2091 hidicum,
508 2050 691 2086 el-Basrae
720 2062 750 2085 a.
779 2050 852 2085 342-
881 2049 1033 2091 editum,
1063 2049 1304 2085 offenderunt.
1338 2051 1427 2097 (Inv.
1463 2051 1585 2095 1998).

422 2117 476 2152 13.
530 2118 734 2164 Mallgdrds
777 2116 970 2164 paroeciae
1012 2117 1173 2162 Alzlskog.
1227 2117 1338 2151 Anno
1367 2117 1461 2152 1854
1492 2129 1574 2152 cum
1602 2117 1732 2153 bacillo
1761 2129 1889 2166 argen-

266 2178 342 2216 teo,
387 2176 431 2209 12
474 2175 604 2225 digitos
641 2175 752 2225 longo
783 2180 817 2211 et
854 2174 1094 2222 multipliciter
1121 2174 1335 2215 convoluto,
1365 2187 1407 2209 ac
1445 2175 1562 2211 multis
1590 2180 1886 2211 ornamentorum

265 2233 430 2279 ejusdem
470 2234 601 2269 metalli
638 2234 851 2283 segmentis,
897 2234 966 2268 125
1007 2233 1135 2282 integri
1163 2238 1198 2268 et
1231 2234 1275 2267 16
1302 2232 1389 2268 laesi
1412 2233 1510 2268 numi
1541 2238 1608 2268 una
1637 2234 1769 2281 reperti
1797 2239 1887 2269 sunt.

267 2291 305 2326 In
333 2290 386 2326 his
415 2293 436 2326 3
465 2292 877 2341 anglosachsonici
913 2291 1085 2340 (Eadgari
1113 2296 1148 2326 et
1175 2290 1422 2339 Aethelredi)‚
1450 2292 1472 2324 2
1503 2292 1737 2339 byzantini
1773 2292 1888 2338 (Basi-

265 2349 299 2384 lii
327 2350 358 2384 ΙΙ
385 2354 420 2384 et
447 2350 665 2385 Constantini
694 2351 775 2396 XI),
806 2351 849 2384 91
881 2349 1078 2399 germanici
1101 2349 1187 2384 varii
1214 2349 1359 2397 generis
1390 2362 1410 2384 e
1437 2348 1585 2384 saeculo
1614 2349 1773 2391 decimo,
1791 2354 1826 2385 et
1842 2351 1889 2385 30

267 2407 355 2442 salvi
383 2420 425 2442 ac
457 2409 499 2442 14
540 2408 633 2455 rupti
673 2409 817 2443 dir-hemi
846 2412 956 2443 erant.
1014 2408 1089 2442 Sex
1119 2419 1246 2442 eorum
1280 2407 1325 2442 ad
1353 2407 1613 2442 Abbasidas
1645 2407 1886 2455 pertinebant.

267 2476 296 2498 a.
328 2466 523 2500 172-323
555 2466 589 2500 in
620 2466 757 2508 Africa,
787 2466 987 2507 Samii-rae,
1017 2466 1052 2500 in
1080 2465 1271 2504 Armenia,
1298 2465 1388 2500 urbe
1425 2465 1546 2500 salutis
1563 2470 1597 2500 et
1613 2465 1888 2513 Tusterisigna-

266 2521 305 2561 ti,
341 2522 414 2557 duo
443 2523 603 2568 (Tusteri
642 2536 672 2560 a.
702 2524 774 2558 329
820 2530 854 2559 et
881 2523 1225 2559 el-Muhammediae
1254 2525 1344 2570 340)
1381 2522 1737 2558 Buveihidarum
1767 2523 1889 2558 classis

269 2584 384 2619 erant,
427 2584 462 2614 et
500 2580 627 2628 reliqui
663 2581 947 2621 samanidici,
985 2594 1014 2616 a.
1049 2581 1246 2616 283-361
1295 2580 1569 2620 el-Sehaschae,
1600 2580 1886 2627 Samerqandae,

271 2636 488 2672 Enderabae
517 2642 552 2671 et
578 2637 801 2684 Nejsaburae
829 2638 993 2674 confecti.
1048 2639 1136 2685 (Inv.
1170 2639 1296 2686 2028).
