<?xml version="1.0" encoding="UTF-8"?>
<!DOCTYPE html PUBLIC "-//W3C//DTD XHTML 1.0 Transitional//EN"
    "http://www.w3.org/TR/xhtml1/DTD/xhtml1-transitional.dtd">
<html xmlns="http://www.w3.org/1999/xhtml" xml:lang="en" lang="en">
 <head>
  <title>
</title>
<meta http-equiv="Content-Type" content="text/html;charset=utf-8" />
  <meta name='ocr-system' content='tesseract 3.04.00' />
  <meta name='ocr-capabilities' content='ocr_page ocr_carea ocr_par ocr_line ocrx_word'/>
</head>
<body>
  <div class='ocr_page' id='page_1' title='image "./novaactaregiaeso325658kung_0424.png"; bbox 0 0 2435 3188; ppageno 0'>
   <div class='ocr_carea' id='block_1_1' title="bbox 677 271 759 313">
    <p class='ocr_par' dir='ltr' id='par_1_1' title="bbox 677 271 759 313">
     <span class='ocr_line' id='line_1_1' title="bbox 677 271 759 313; baseline -0.024 0"><span class='ocrx_word' id='word_1_1' title='bbox 677 271 759 313; x_wconf 75' lang='lat'>382</span> 
     </span>
    </p>
   </div>
   <div class='ocr_carea' id='block_1_2' title="bbox 622 375 2240 1001">
    <p class='ocr_par' dir='ltr' id='par_1_2' title="bbox 622 375 2240 1001">
     <span class='ocr_line' id='line_1_2' title="bbox 623 375 2239 429; baseline 0.004 -18"><span class='ocrx_word' id='word_1_2' title='bbox 623 375 689 412; x_wconf 87' lang='lat' dir='ltr'>nisi</span> <span class='ocrx_word' id='word_1_3' title='bbox 716 389 882 412; x_wconf 88' lang='lat' dir='ltr'>mancum</span> <span class='ocrx_word' id='word_1_4' title='bbox 923 376 1102 425; x_wconf 78' lang='lat' dir='ltr'>proficisci</span> <span class='ocrx_word' id='word_1_5' title='bbox 1139 383 1271 425; x_wconf 89' lang='lat' dir='ltr'>posset.</span> <span class='ocrx_word' id='word_1_6' title='bbox 1331 379 1388 414; x_wconf 91' lang='lat' dir='ltr'>De</span> <span class='ocrx_word' id='word_1_7' title='bbox 1416 391 1502 413; x_wconf 87' lang='lat' dir='ltr'>vera</span> <span class='ocrx_word' id='word_1_8' title='bbox 1533 381 1612 427; x_wconf 89' lang='lat' dir='ltr'>ejus</span> <span class='ocrx_word' id='word_1_9' title='bbox 1640 379 1881 416; x_wconf 79' lang='lat' dir='ltr'>delineatione</span> <span class='ocrx_word' id='word_1_10' title='bbox 1911 381 2079 429; x_wconf 82' lang='lat' dir='ltr'>proxima</span> <span class='ocrx_word' id='word_1_11' title='bbox 2106 386 2239 418; x_wconf 78' lang='lat' dir='ltr'>aestate</span> 
     </span>
     <span class='ocr_line' id='line_1_3' title="bbox 622 435 2237 489; baseline 0.003 -19"><span class='ocrx_word' id='word_1_12' title='bbox 622 435 756 483; x_wconf 88' lang='lat' dir='ltr'>optime</span> <span class='ocrx_word' id='word_1_13' title='bbox 797 436 943 472; x_wconf 89' lang='lat' dir='ltr'>meritus</span> <span class='ocrx_word' id='word_1_14' title='bbox 976 440 1030 471; x_wconf 88' lang='lat' dir='ltr'>est</span> <span class='ocrx_word' id='word_1_15' title='bbox 1053 436 1090 470; x_wconf 89' lang='lat' dir='ltr'>P.</span> <span class='ocrx_word' id='word_1_16' title='bbox 1119 436 1163 472; x_wconf 94' lang='lat' dir='ltr'>A.</span> <span class='ocrx_word' id='word_1_17' title='bbox 1197 435 1346 478; x_wconf 87' lang='lat' dir='ltr'>Munch,</span> <span class='ocrx_word' id='word_1_18' title='bbox 1387 437 1631 474; x_wconf 85' lang='lat' dir='ltr'>Universitatis</span> <span class='ocrx_word' id='word_1_19' title='bbox 1668 437 1894 487; x_wconf 66' lang='lat' dir='ltr'>Norvegicae</span> <span class='ocrx_word' id='word_1_20' title='bbox 1931 439 2134 481; x_wconf 80' lang='lat' dir='ltr'>Professor,</span> <span class='ocrx_word' id='word_1_21' title='bbox 2176 439 2237 489; x_wconf 87' lang='lat' dir='ltr'>qui</span> 
     </span>
     <span class='ocr_line' id='line_1_4' title="bbox 622 493 2238 546; baseline 0.003 -17"><span class='ocrx_word' id='word_1_22' title='bbox 622 506 704 530; x_wconf 88' lang='lat' dir='ltr'>eum</span> <span class='ocrx_word' id='word_1_23' title='bbox 733 494 998 530; x_wconf 86' lang='lat' dir='ltr'>accuratissima</span> <span class='ocrx_word' id='word_1_24' title='bbox 1025 493 1203 543; x_wconf 78' lang='lat' dir='ltr'>diligentia</span> <span class='ocrx_word' id='word_1_25' title='bbox 1231 495 1424 531; x_wconf 79' lang='lat' dir='ltr'>delineavit</span> <span class='ocrx_word' id='word_1_26' title='bbox 1451 495 1740 545; x_wconf 87' lang='lat' dir='ltr'>delineatumque</span> <span class='ocrx_word' id='word_1_27' title='bbox 1763 497 1915 545; x_wconf 88' lang='lat' dir='ltr'>primum</span> <span class='ocrx_word' id='word_1_28' title='bbox 1939 498 1973 533; x_wconf 90' lang='lat' dir='ltr'>iu</span> <span class='ocrx_word' id='word_1_29' title='bbox 1994 497 2238 546; x_wconf 73' lang='lat' dir='ltr'>ephemeride,</span> 
     </span>
     <span class='ocr_line' id='line_1_5' title="bbox 622 553 2239 605; baseline 0.004 -18"><span class='ocrx_word' id='word_1_30' title='bbox 622 566 715 602; x_wconf 86' lang='lat' dir='ltr'>quae</span> <span class='ocrx_word' id='word_1_31' title='bbox 744 555 939 590; x_wconf 74' lang='lat' dir='ltr'>Illustreret</span> <span class='ocrx_word' id='word_1_32' title='bbox 966 553 1190 601; x_wconf 73' lang='lat' dir='ltr'>Nylzeclsblacl</span> <span class='ocrx_word' id='word_1_33' title='bbox 1212 554 1417 590; x_wconf 80' lang='lat' dir='ltr'>inscribitur</span> <span class='ocrx_word' id='word_1_34' title='bbox 1434 557 1481 602; x_wconf 85' lang='lat'>¹),</span> <span class='ocrx_word' id='word_1_35' title='bbox 1511 554 1643 590; x_wconf 90' lang='lat' dir='ltr'>deinde</span> <span class='ocrx_word' id='word_1_36' title='bbox 1670 556 1859 603; x_wconf 81' lang='lat' dir='ltr'>separatim</span> <span class='ocrx_word' id='word_1_37' title='bbox 1891 556 2077 605; x_wconf 78' lang='lat' dir='ltr'>exposuit,</span> <span class='ocrx_word' id='word_1_38' title='bbox 2105 563 2139 593; x_wconf 88' lang='lat' dir='ltr'>et</span> <span class='ocrx_word' id='word_1_39' title='bbox 2167 557 2239 605; x_wconf 87' lang='lat' dir='ltr'>pri-</span> 
     </span>
     <span class='ocr_line' id='line_1_6' title="bbox 623 612 2240 664; baseline 0.003 -18"><span class='ocrx_word' id='word_1_40' title='bbox 623 624 702 648; x_wconf 88' lang='lat' dir='ltr'>mus</span> <span class='ocrx_word' id='word_1_41' title='bbox 728 612 885 660; x_wconf 79' lang='lat' dir='ltr'>priorem</span> <span class='ocrx_word' id='word_1_42' title='bbox 914 612 1151 660; x_wconf 85' lang='lat' dir='ltr'>inscriptionis</span> <span class='ocrx_word' id='word_1_43' title='bbox 1180 618 1316 661; x_wconf 91' lang='lat' dir='ltr'>partem</span> <span class='ocrx_word' id='word_1_44' title='bbox 1348 612 1460 654; x_wconf 82' lang='lat' dir='ltr'>bene,</span> <span class='ocrx_word' id='word_1_45' title='bbox 1491 613 1521 648; x_wconf 87' lang='lat' dir='ltr'>si</span> <span class='ocrx_word' id='word_1_46' title='bbox 1547 617 1656 648; x_wconf 84' lang='lat' dir='ltr'>totam</span> <span class='ocrx_word' id='word_1_47' title='bbox 1693 626 1769 649; x_wconf 91' lang='lat' dir='ltr'>rem</span> <span class='ocrx_word' id='word_1_48' title='bbox 1806 615 1994 662; x_wconf 77' lang='lat' dir='ltr'>respicias,</span> <span class='ocrx_word' id='word_1_49' title='bbox 2028 615 2240 664; x_wconf 88' lang='lat' dir='ltr'>interpreta-</span> 
     </span>
     <span class='ocr_line' id='line_1_7' title="bbox 622 670 2240 724; baseline 0.002 -18"><span class='ocrx_word' id='word_1_50' title='bbox 622 675 678 706; x_wconf 87' lang='lat' dir='ltr'>tus</span> <span class='ocrx_word' id='word_1_51' title='bbox 702 676 763 706; x_wconf 88' lang='lat' dir='ltr'>est.</span> <span class='ocrx_word' id='word_1_52' title='bbox 817 670 1062 707; x_wconf 87' lang='lat' dir='ltr'>Posteriorem</span> <span class='ocrx_word' id='word_1_53' title='bbox 1091 684 1237 720; x_wconf 87' lang='lat' dir='ltr'>quoquc</span> <span class='ocrx_word' id='word_1_54' title='bbox 1262 676 1397 719; x_wconf 91' lang='lat' dir='ltr'>partem</span> <span class='ocrx_word' id='word_1_55' title='bbox 1426 671 1524 721; x_wconf 68' lang='lat' dir='ltr'>legit,</span> <span class='ocrx_word' id='word_1_56' title='bbox 1554 685 1632 708; x_wconf 89' lang='lat' dir='ltr'>eam</span> <span class='ocrx_word' id='word_1_57' title='bbox 1660 685 1748 707; x_wconf 84' lang='lat' dir='ltr'>vero</span> <span class='ocrx_word' id='word_1_58' title='bbox 1786 673 1959 721; x_wconf 86' lang='lat' dir='ltr'>explicari</span> <span class='ocrx_word' id='word_1_59' title='bbox 1995 687 2104 722; x_wconf 89' lang='lat' dir='ltr'>posse</span> <span class='ocrx_word' id='word_1_60' title='bbox 2130 686 2240 724; x_wconf 79' lang='lat' dir='ltr'>nega-</span> 
     </span>
     <span class='ocr_line' id='line_1_8' title="bbox 622 729 2240 779; baseline 0.002 -15"><span class='ocrx_word' id='word_1_61' title='bbox 622 729 679 765; x_wconf 92' lang='lat' dir='ltr'>vit.</span> <span class='ocrx_word' id='word_1_62' title='bbox 736 730 845 774; x_wconf 83' lang='lat' dir='ltr'>Quod</span> <span class='ocrx_word' id='word_1_63' title='bbox 874 743 982 779; x_wconf 89' lang='lat' dir='ltr'>quum</span> <span class='ocrx_word' id='word_1_64' title='bbox 1011 730 1111 765; x_wconf 87' lang='lat' dir='ltr'>aliter</span> <span class='ocrx_word' id='word_1_65' title='bbox 1138 730 1304 771; x_wconf 84' lang='lat' dir='ltr'>sentiam,</span> <span class='ocrx_word' id='word_1_66' title='bbox 1334 735 1501 766; x_wconf 80' lang='lat' dir='ltr'>tentatam</span> <span class='ocrx_word' id='word_1_67' title='bbox 1529 743 1548 766; x_wconf 83' lang='lat' dir='ltr'>a</span> <span class='ocrx_word' id='word_1_68' title='bbox 1577 744 1634 767; x_wconf 91' lang='lat' dir='ltr'>me</span> <span class='ocrx_word' id='word_1_69' title='bbox 1661 730 1768 778; x_wconf 87' lang='lat' dir='ltr'>hujus</span> <span class='ocrx_word' id='word_1_70' title='bbox 1796 731 2073 779; x_wconf 81' lang='lat' dir='ltr'>explicationem</span> <span class='ocrx_word' id='word_1_71' title='bbox 2102 732 2138 769; x_wconf 90' lang='lat' dir='ltr'>in</span> <span class='ocrx_word' id='word_1_72' title='bbox 2165 745 2240 768; x_wconf 92' lang='lat' dir='ltr'>me-</span> 
     </span>
     <span class='ocr_line' id='line_1_9' title="bbox 623 788 2238 840; baseline 0.003 -17"><span class='ocrx_word' id='word_1_73' title='bbox 623 788 719 824; x_wconf 89' lang='lat' dir='ltr'>dium</span> <span class='ocrx_word' id='word_1_74' title='bbox 745 788 940 837; x_wconf 73' lang='lat' dir='ltr'>proferaim</span> <span class='ocrx_word' id='word_1_75' title='bbox 970 789 1035 824; x_wconf 86' lang='lat' dir='ltr'>sed</span> <span class='ocrx_word' id='word_1_76' title='bbox 1062 801 1171 838; x_wconf 90' lang='lat' dir='ltr'>quum</span> <span class='ocrx_word' id='word_1_77' title='bbox 1200 793 1325 824; x_wconf 86' lang='lat' dir='ltr'>neutra</span> <span class='ocrx_word' id='word_1_78' title='bbox 1349 802 1432 838; x_wconf 87' lang='lat' dir='ltr'>pars</span> <span class='ocrx_word' id='word_1_79' title='bbox 1462 789 1506 825; x_wconf 84' lang='lat' dir='ltr'>ab</span> <span class='ocrx_word' id='word_1_80' title='bbox 1535 789 1645 825; x_wconf 86' lang='lat' dir='ltr'>altera</span> <span class='ocrx_word' id='word_1_81' title='bbox 1659 790 1885 839; x_wconf 73' lang='lat' dir='ltr'>sejungenda</span> <span class='ocrx_word' id='word_1_82' title='bbox 1913 791 1970 831; x_wconf 90' lang='lat' dir='ltr'>sit,</span> <span class='ocrx_word' id='word_1_83' title='bbox 1997 791 2126 839; x_wconf 90' lang='lat' dir='ltr'>prioris</span> <span class='ocrx_word' id='word_1_84' title='bbox 2147 804 2238 840; x_wconf 86' lang='lat' dir='ltr'>quo-</span> 
     </span>
     <span class='ocr_line' id='line_1_10' title="bbox 623 847 2234 897; baseline 0.002 -15"><span class='ocrx_word' id='word_1_85' title='bbox 623 860 693 896; x_wconf 90' lang='lat' dir='ltr'>que</span> <span class='ocrx_word' id='word_1_86' title='bbox 723 847 896 884; x_wconf 85' lang='lat' dir='ltr'>rationem</span> <span class='ocrx_word' id='word_1_87' title='bbox 924 848 1083 883; x_wconf 80' lang='lat' dir='ltr'>reddam.</span> <span class='ocrx_word' id='word_1_88' title='bbox 1140 849 1236 883; x_wconf 87' lang='lat' dir='ltr'>Ante</span> <span class='ocrx_word' id='word_1_89' title='bbox 1264 860 1367 888; x_wconf 91' lang='lat' dir='ltr'>vero,</span> <span class='ocrx_word' id='word_1_90' title='bbox 1400 861 1504 896; x_wconf 89' lang='lat' dir='ltr'>quam</span> <span class='ocrx_word' id='word_1_91' title='bbox 1534 847 1620 890; x_wconf 87' lang='lat' dir='ltr'>hoc,</span> <span class='ocrx_word' id='word_1_92' title='bbox 1651 848 1778 884; x_wconf 86' lang='lat' dir='ltr'>ordine</span> <span class='ocrx_word' id='word_1_93' title='bbox 1810 849 2049 897; x_wconf 83' lang='lat' dir='ltr'>inscriptionis</span> <span class='ocrx_word' id='word_1_94' title='bbox 2074 855 2234 891; x_wconf 83' lang='lat' dir='ltr'>servato,</span> 
     </span>
     <span class='ocr_line' id='line_1_11' title="bbox 622 905 2240 956; baseline 0.001 -14"><span class='ocrx_word' id='word_1_95' title='bbox 622 907 820 956; x_wconf 73' lang='lat' dir='ltr'>aggrediar,</span> <span class='ocrx_word' id='word_1_96' title='bbox 865 920 978 956; x_wconf 83' lang='lat' dir='ltr'>pauca</span> <span class='ocrx_word' id='word_1_97' title='bbox 1018 905 1101 941; x_wconf 90' lang='lat' dir='ltr'>mihi</span> <span class='ocrx_word' id='word_1_98' title='bbox 1141 906 1186 942; x_wconf 86' lang='lat' dir='ltr'>de</span> <span class='ocrx_word' id='word_1_99' title='bbox 1218 906 1404 942; x_wconf 88' lang='lat' dir='ltr'>virtutibus</span> <span class='ocrx_word' id='word_1_100' title='bbox 1438 906 1549 954; x_wconf 87' lang='lat' dir='ltr'>ipsius</span> <span class='ocrx_word' id='word_1_101' title='bbox 1576 906 1701 955; x_wconf 87' lang='lat' dir='ltr'>lapidis</span> <span class='ocrx_word' id='word_1_102' title='bbox 1729 912 1764 943; x_wconf 91' lang='lat' dir='ltr'>et</span> <span class='ocrx_word' id='word_1_103' title='bbox 1790 907 1835 943; x_wconf 89' lang='lat' dir='ltr'>de</span> <span class='ocrx_word' id='word_1_104' title='bbox 1862 908 1952 944; x_wconf 89' lang='lat' dir='ltr'>vitiis</span> <span class='ocrx_word' id='word_1_105' title='bbox 1977 910 2056 955; x_wconf 82' lang='lat' dir='ltr'>ejus</span> <span class='ocrx_word' id='word_1_106' title='bbox 2085 909 2240 944; x_wconf 90' lang='lat' dir='ltr'>dicenda</span> 
     </span>
     <span class='ocr_line' id='line_1_12' title="bbox 623 970 735 1001; baseline -0.009 0"><span class='ocrx_word' id='word_1_107' title='bbox 623 970 735 1001; x_wconf 90' lang='lat' dir='ltr'>erunt.</span> 
     </span>
    </p>
   </div>
   <div class='ocr_carea' id='block_1_3' title="bbox 622 1036 2243 2030">
    <p class='ocr_par' dir='ltr' id='par_1_3' title="bbox 622 1036 2243 2030">
     <span class='ocr_line' id='line_1_13' title="bbox 773 1036 2241 1088; baseline 0.001 -15"><span class='ocrx_word' id='word_1_108' title='bbox 773 1037 841 1073; x_wconf 90' lang='lat' dir='ltr'>Hic</span> <span class='ocrx_word' id='word_1_109' title='bbox 868 1036 955 1085; x_wconf 79' lang='lat' dir='ltr'>lapis</span> <span class='ocrx_word' id='word_1_110' title='bbox 978 1049 1023 1071; x_wconf 91' lang='lat' dir='ltr'>co</span> <span class='ocrx_word' id='word_1_111' title='bbox 1052 1036 1209 1072; x_wconf 86' lang='lat' dir='ltr'>maxime</span> <span class='ocrx_word' id='word_1_112' title='bbox 1249 1041 1303 1072; x_wconf 87' lang='lat' dir='ltr'>est</span> <span class='ocrx_word' id='word_1_113' title='bbox 1342 1037 1505 1086; x_wconf 73' lang='lat' dir='ltr'>insignis,</span> <span class='ocrx_word' id='word_1_114' title='bbox 1540 1038 1639 1086; x_wconf 85' lang='lat' dir='ltr'>quod</span> <span class='ocrx_word' id='word_1_115' title='bbox 1682 1038 1801 1088; x_wconf 72' lang='lat' dir='ltr'>lingua</span> <span class='ocrx_word' id='word_1_116' title='bbox 1844 1039 1965 1080; x_wconf 90' lang='lat' dir='ltr'>utitur,</span> <span class='ocrx_word' id='word_1_117' title='bbox 2011 1052 2103 1088; x_wconf 88' lang='lat' dir='ltr'>quae</span> <span class='ocrx_word' id='word_1_118' title='bbox 2146 1044 2241 1075; x_wconf 88' lang='lat' dir='ltr'>aeta-</span> 
     </span>
     <span class='ocr_line' id='line_1_14' title="bbox 623 1094 2240 1147; baseline 0.002 -16"><span class='ocrx_word' id='word_1_119' title='bbox 623 1100 694 1131; x_wconf 89' lang='lat' dir='ltr'>tem</span> <span class='ocrx_word' id='word_1_120' title='bbox 745 1095 885 1145; x_wconf 69' lang='lat' dir='ltr'>linguae</span> <span class='ocrx_word' id='word_1_121' title='bbox 936 1094 1131 1131; x_wconf 74' lang='lat' dir='ltr'>Norraenae</span> <span class='ocrx_word' id='word_1_122' title='bbox 1176 1095 1284 1145; x_wconf 76' lang='lat' dir='ltr'>longe</span> <span class='ocrx_word' id='word_1_123' title='bbox 1331 1101 1477 1144; x_wconf 86' lang='lat' dir='ltr'>superet</span> <span class='ocrx_word' id='word_1_124' title='bbox 1521 1102 1556 1133; x_wconf 90' lang='lat' dir='ltr'>et</span> <span class='ocrx_word' id='word_1_125' title='bbox 1596 1097 1753 1146; x_wconf 72' lang='lat' dir='ltr'>linguam</span> <span class='ocrx_word' id='word_1_126' title='bbox 1797 1097 2016 1146; x_wconf 90' lang='lat' dir='ltr'>Ulphilanam</span> <span class='ocrx_word' id='word_1_127' title='bbox 2072 1098 2240 1147; x_wconf 87' lang='lat' dir='ltr'>proxime</span> 
     </span>
     <span class='ocr_line' id='line_1_15' title="bbox 622 1153 2238 1206; baseline 0.001 -16"><span class='ocrx_word' id='word_1_128' title='bbox 622 1155 775 1204; x_wconf 79' lang='lat' dir='ltr'>attingat.</span> <span class='ocrx_word' id='word_1_129' title='bbox 830 1154 950 1190; x_wconf 87' lang='lat' dir='ltr'>Habet</span> <span class='ocrx_word' id='word_1_130' title='bbox 977 1154 1064 1202; x_wconf 89' lang='lat' dir='ltr'>lapis</span> <span class='ocrx_word' id='word_1_131' title='bbox 1090 1153 1146 1189; x_wconf 92' lang='lat' dir='ltr'>hic</span> <span class='ocrx_word' id='word_1_132' title='bbox 1173 1167 1280 1189; x_wconf 90' lang='lat' dir='ltr'>unum</span> <span class='ocrx_word' id='word_1_133' title='bbox 1320 1154 1532 1198; x_wconf 85' lang='lat' dir='ltr'>alterumve,</span> <span class='ocrx_word' id='word_1_134' title='bbox 1569 1156 1668 1205; x_wconf 87' lang='lat' dir='ltr'>quod</span> <span class='ocrx_word' id='word_1_135' title='bbox 1701 1156 1843 1206; x_wconf 76' lang='lat' dir='ltr'>linguae</span> <span class='ocrx_word' id='word_1_136' title='bbox 1878 1156 2087 1205; x_wconf 90' lang='lat' dir='ltr'>Ulphilanae</span> <span class='ocrx_word' id='word_1_137' title='bbox 2122 1161 2238 1193; x_wconf 88' lang='lat' dir='ltr'>aetate</span> 
     </span>
     <span class='ocr_line' id='line_1_16' title="bbox 623 1212 2241 1264; baseline 0.001 -15"><span class='ocrx_word' id='word_1_138' title='bbox 623 1213 769 1249; x_wconf 87' lang='lat' dir='ltr'>iuferius</span> <span class='ocrx_word' id='word_1_139' title='bbox 795 1213 852 1254; x_wconf 78' lang='lat' dir='ltr'>sit,</span> <span class='ocrx_word' id='word_1_140' title='bbox 892 1212 999 1248; x_wconf 87' lang='lat' dir='ltr'>habet</span> <span class='ocrx_word' id='word_1_141' title='bbox 1038 1213 1159 1254; x_wconf 89' lang='lat' dir='ltr'>etiam,</span> <span class='ocrx_word' id='word_1_142' title='bbox 1203 1213 1300 1262; x_wconf 87' lang='lat' dir='ltr'>quod</span> <span class='ocrx_word' id='word_1_143' title='bbox 1328 1226 1409 1249; x_wconf 88' lang='lat' dir='ltr'>cum</span> <span class='ocrx_word' id='word_1_144' title='bbox 1438 1213 1503 1249; x_wconf 89' lang='lat' dir='ltr'>hac</span> <span class='ocrx_word' id='word_1_145' title='bbox 1530 1214 1650 1264; x_wconf 78' lang='lat' dir='ltr'>lingua</span> <span class='ocrx_word' id='word_1_146' title='bbox 1679 1215 1784 1263; x_wconf 88' lang='lat' dir='ltr'>plane</span> <span class='ocrx_word' id='word_1_147' title='bbox 1812 1216 2010 1264; x_wconf 84' lang='lat' dir='ltr'>conspiret,</span> <span class='ocrx_word' id='word_1_148' title='bbox 2037 1215 2103 1252; x_wconf 87' lang='lat' dir='ltr'>sed</span> <span class='ocrx_word' id='word_1_149' title='bbox 2132 1215 2241 1251; x_wconf 89' lang='lat' dir='ltr'>habet</span> 
     </span>
     <span class='ocr_line' id='line_1_17' title="bbox 623 1271 2240 1323; baseline 0.002 -15"><span class='ocrx_word' id='word_1_150' title='bbox 623 1273 744 1314; x_wconf 88' lang='lat' dir='ltr'>etiam,</span> <span class='ocrx_word' id='word_1_151' title='bbox 775 1271 873 1321; x_wconf 90' lang='lat' dir='ltr'>quod</span> <span class='ocrx_word' id='word_1_152' title='bbox 911 1272 1034 1307; x_wconf 84' lang='lat' dir='ltr'>nescio</span> <span class='ocrx_word' id='word_1_153' title='bbox 1074 1284 1116 1306; x_wconf 91' lang='lat' dir='ltr'>an</span> <span class='ocrx_word' id='word_1_154' title='bbox 1146 1271 1380 1307; x_wconf 84' lang='lat' dir='ltr'>remotiorem</span> <span class='ocrx_word' id='word_1_155' title='bbox 1417 1277 1569 1308; x_wconf 87' lang='lat' dir='ltr'>aetatem</span> <span class='ocrx_word' id='word_1_156' title='bbox 1597 1274 1736 1322; x_wconf 87' lang='lat' dir='ltr'>prodat.</span> <span class='ocrx_word' id='word_1_157' title='bbox 1790 1275 1873 1310; x_wconf 91' lang='lat' dir='ltr'>Huc</span> <span class='ocrx_word' id='word_1_158' title='bbox 1900 1274 2073 1323; x_wconf 87' lang='lat' dir='ltr'>imprimis</span> <span class='ocrx_word' id='word_1_159' title='bbox 2101 1274 2240 1316; x_wconf 79' lang='lat' dir='ltr'>refero,</span> 
     </span>
     <span class='ocr_line' id='line_1_18' title="bbox 624 1330 2242 1382; baseline 0.001 -15"><span class='ocrx_word' id='word_1_160' title='bbox 624 1331 723 1381; x_wconf 89' lang='lat' dir='ltr'>quod</span> <span class='ocrx_word' id='word_1_161' title='bbox 751 1331 796 1366; x_wconf 88' lang='lat' dir='ltr'>dc</span> <span class='ocrx_word' id='word_1_162' title='bbox 825 1330 1010 1366; x_wconf 76' lang='lat' dir='ltr'>vocalibus</span> <span class='ocrx_word' id='word_1_163' title='bbox 1040 1331 1143 1366; x_wconf 88' lang='lat' dir='ltr'>mutis</span> <span class='ocrx_word' id='word_1_164' title='bbox 1181 1330 1332 1366; x_wconf 82' lang='lat' dir='ltr'>affirmat</span> <span class='ocrx_word' id='word_1_165' title='bbox 1374 1332 1566 1367; x_wconf 81' lang='lat' dir='ltr'>Professor</span> <span class='ocrx_word' id='word_1_166' title='bbox 1594 1332 1737 1368; x_wconf 89' lang='lat' dir='ltr'>Munch.</span> <span class='ocrx_word' id='word_1_167' title='bbox 1788 1334 1945 1370; x_wconf 81' lang='lat' dir='ltr'>Difficile</span> <span class='ocrx_word' id='word_1_168' title='bbox 1972 1338 2025 1369; x_wconf 92' lang='lat' dir='ltr'>est</span> <span class='ocrx_word' id='word_1_169' title='bbox 2052 1332 2137 1368; x_wconf 91' lang='lat' dir='ltr'>mihi</span> <span class='ocrx_word' id='word_1_170' title='bbox 2165 1332 2242 1382; x_wconf 89' lang='lat' dir='ltr'>qui-</span> 
     </span>
     <span class='ocr_line' id='line_1_19' title="bbox 624 1390 2241 1441; baseline 0.001 -15"><span class='ocrx_word' id='word_1_171' title='bbox 624 1391 707 1426; x_wconf 92' lang='lat' dir='ltr'>dem</span> <span class='ocrx_word' id='word_1_172' title='bbox 735 1390 939 1426; x_wconf 83' lang='lat' dir='ltr'>concedere</span> <span class='ocrx_word' id='word_1_173' title='bbox 975 1390 1119 1425; x_wconf 82' lang='lat' dir='ltr'>vocales</span> <span class='ocrx_word' id='word_1_174' title='bbox 1155 1390 1328 1439; x_wconf 87' lang='lat' dir='ltr'>quasdam</span> <span class='ocrx_word' id='word_1_175' title='bbox 1359 1390 1440 1426; x_wconf 90' lang='lat' dir='ltr'>huic</span> <span class='ocrx_word' id='word_1_176' title='bbox 1471 1390 1614 1441; x_wconf 78' lang='lat' dir='ltr'>linguae</span> <span class='ocrx_word' id='word_1_177' title='bbox 1650 1404 1731 1428; x_wconf 88' lang='lat' dir='ltr'>esse</span> <span class='ocrx_word' id='word_1_178' title='bbox 1766 1398 1896 1435; x_wconf 86' lang='lat' dir='ltr'>mutas,</span> <span class='ocrx_word' id='word_1_179' title='bbox 1928 1393 1995 1429; x_wconf 89' lang='lat' dir='ltr'>sed</span> <span class='ocrx_word' id='word_1_180' title='bbox 2023 1404 2134 1441; x_wconf 87' lang='lat' dir='ltr'>quum</span> <span class='ocrx_word' id='word_1_181' title='bbox 2161 1399 2241 1427; x_wconf 85' lang='lat' dir='ltr'>tan-</span> 
     </span>
     <span class='ocr_line' id='line_1_20' title="bbox 624 1448 2242 1501; baseline 0.001 -16"><span class='ocrx_word' id='word_1_182' title='bbox 624 1449 734 1485; x_wconf 92' lang='lat' dir='ltr'>tillum</span> <span class='ocrx_word' id='word_1_183' title='bbox 763 1461 810 1485; x_wconf 78' lang='lat' dir='ltr'>ex</span> <span class='ocrx_word' id='word_1_184' title='bbox 844 1461 886 1485; x_wconf 88' lang='lat' dir='ltr'>ea</span> <span class='ocrx_word' id='word_1_185' title='bbox 916 1449 1099 1498; x_wconf 72' lang='lat' dir='ltr'>cognitum</span> <span class='ocrx_word' id='word_1_186' title='bbox 1144 1448 1356 1491; x_wconf 85' lang='lat' dir='ltr'>habeamus,</span> <span class='ocrx_word' id='word_1_187' title='bbox 1388 1455 1424 1485; x_wconf 92' lang='lat' dir='ltr'>ut</span> <span class='ocrx_word' id='word_1_188' title='bbox 1456 1463 1536 1485; x_wconf 90' lang='lat' dir='ltr'>cum</span> <span class='ocrx_word' id='word_1_189' title='bbox 1563 1450 1639 1486; x_wconf 86' lang='lat' dir='ltr'>aliis</span> <span class='ocrx_word' id='word_1_190' title='bbox 1666 1451 1796 1501; x_wconf 80' lang='lat' dir='ltr'>linguis</span> <span class='ocrx_word' id='word_1_191' title='bbox 1824 1452 1964 1500; x_wconf 88' lang='lat' dir='ltr'>plenius</span> <span class='ocrx_word' id='word_1_192' title='bbox 1992 1456 2028 1487; x_wconf 87' lang='lat' dir='ltr'>et</span> <span class='ocrx_word' id='word_1_193' title='bbox 2058 1450 2242 1500; x_wconf 84' lang='lat' dir='ltr'>copiosius</span> 
     </span>
     <span class='ocr_line' id='line_1_21' title="bbox 624 1507 2241 1558; baseline 0.001 -13"><span class='ocrx_word' id='word_1_194' title='bbox 624 1508 825 1557; x_wconf 86' lang='lat' dir='ltr'>comparari</span> <span class='ocrx_word' id='word_1_195' title='bbox 853 1507 1047 1556; x_wconf 85' lang='lat' dir='ltr'>quidquam</span> <span class='ocrx_word' id='word_1_196' title='bbox 1076 1520 1148 1543; x_wconf 90' lang='lat' dir='ltr'>non</span> <span class='ocrx_word' id='word_1_197' title='bbox 1189 1508 1317 1556; x_wconf 78' lang='lat' dir='ltr'>possit,</span> <span class='ocrx_word' id='word_1_198' title='bbox 1356 1509 1401 1544; x_wconf 87' lang='lat' dir='ltr'>ad</span> <span class='ocrx_word' id='word_1_199' title='bbox 1435 1522 1579 1545; x_wconf 91' lang='lat' dir='ltr'>omnem</span> <span class='ocrx_word' id='word_1_200' title='bbox 1609 1510 1654 1545; x_wconf 92' lang='lat' dir='ltr'>de</span> <span class='ocrx_word' id='word_1_201' title='bbox 1684 1509 1750 1546; x_wconf 90' lang='lat' dir='ltr'>hac</span> <span class='ocrx_word' id='word_1_202' title='bbox 1782 1523 1821 1546; x_wconf 91' lang='lat' dir='ltr'>re</span> <span class='ocrx_word' id='word_1_203' title='bbox 1851 1510 1946 1546; x_wconf 90' lang='lat' dir='ltr'>litem</span> <span class='ocrx_word' id='word_1_204' title='bbox 1975 1509 2241 1558; x_wconf 88' lang='lat' dir='ltr'>suscipiendam</span> 
     </span>
     <span class='ocr_line' id='line_1_22' title="bbox 622 1567 2240 1618; baseline 0.001 -14"><span class='ocrx_word' id='word_1_205' title='bbox 622 1568 752 1604; x_wconf 82' lang='lat' dir='ltr'>invitus</span> <span class='ocrx_word' id='word_1_206' title='bbox 777 1567 925 1602; x_wconf 87' lang='lat' dir='ltr'>accedo.</span> <span class='ocrx_word' id='word_1_207' title='bbox 980 1567 1019 1602; x_wconf 87' lang='lat' dir='ltr'>Id</span> <span class='ocrx_word' id='word_1_208' title='bbox 1044 1572 1177 1602; x_wconf 86' lang='lat' dir='ltr'>tantum</span> <span class='ocrx_word' id='word_1_209' title='bbox 1208 1567 1380 1603; x_wconf 88' lang='lat' dir='ltr'>monitum</span> <span class='ocrx_word' id='word_1_210' title='bbox 1412 1568 1535 1610; x_wconf 76' lang='lat' dir='ltr'>velim,</span> <span class='ocrx_word' id='word_1_211' title='bbox 1564 1569 1678 1605; x_wconf 88' lang='lat' dir='ltr'>videri</span> <span class='ocrx_word' id='word_1_212' title='bbox 1707 1569 1791 1605; x_wconf 90' lang='lat' dir='ltr'>mihi</span> <span class='ocrx_word' id='word_1_213' title='bbox 1824 1568 1917 1604; x_wconf 87' lang='lat' dir='ltr'>inter</span> <span class='ocrx_word' id='word_1_214' title='bbox 1949 1570 2105 1611; x_wconf 71' lang='lat' dir='ltr'>voralzto,</span> <span class='ocrx_word' id='word_1_215' title='bbox 2140 1569 2240 1618; x_wconf 87' lang='lat' dir='ltr'>quod</span> 
     </span>
     <span class='ocr_line' id='line_1_23' title="bbox 624 1625 2243 1676; baseline 0.001 -13"><span class='ocrx_word' id='word_1_216' title='bbox 624 1627 723 1676; x_wconf 91' lang='lat' dir='ltr'>prior</span> <span class='ocrx_word' id='word_1_217' title='bbox 750 1625 988 1674; x_wconf 86' lang='lat' dir='ltr'>inscriptionis</span> <span class='ocrx_word' id='word_1_218' title='bbox 1018 1639 1100 1675; x_wconf 90' lang='lat' dir='ltr'>pars</span> <span class='ocrx_word' id='word_1_219' title='bbox 1138 1626 1252 1667; x_wconf 88' lang='lat' dir='ltr'>habet,</span> <span class='ocrx_word' id='word_1_220' title='bbox 1290 1631 1324 1662; x_wconf 88' lang='lat' dir='ltr'>et</span> <span class='ocrx_word' id='word_1_221' title='bbox 1356 1626 1580 1675; x_wconf 82' lang='lat' dir='ltr'>Ulphilanum</span> <span class='ocrx_word' id='word_1_222' title='bbox 1612 1627 1697 1663; x_wconf 90' lang='lat' dir='ltr'>illud</span> <span class='ocrx_word' id='word_1_223' title='bbox 1729 1629 1877 1663; x_wconf 71' lang='lat' dir='ltr'>ram-hta</span> <span class='ocrx_word' id='word_1_224' title='bbox 1908 1628 2060 1664; x_wconf 89' lang='lat' dir='ltr'>eandem</span> <span class='ocrx_word' id='word_1_225' title='bbox 2091 1628 2243 1665; x_wconf 89' lang='lat' dir='ltr'>interce-</span> 
     </span>
     <span class='ocr_line' id='line_1_24' title="bbox 625 1685 2242 1733; baseline -0.001 -11"><span class='ocrx_word' id='word_1_226' title='bbox 625 1686 712 1722; x_wconf 86' lang='lat' dir='ltr'>dere</span> <span class='ocrx_word' id='word_1_227' title='bbox 740 1686 914 1721; x_wconf 85' lang='lat' dir='ltr'>rationem</span> <span class='ocrx_word' id='word_1_228' title='bbox 943 1692 1049 1733; x_wconf 88' lang='lat' dir='ltr'>atque</span> <span class='ocrx_word' id='word_1_229' title='bbox 1077 1685 1168 1720; x_wconf 91' lang='lat' dir='ltr'>inter</span> <span class='ocrx_word' id='word_1_230' title='bbox 1196 1687 1338 1721; x_wconf 84' lang='lat' dir='ltr'>Graeca</span> <span class='ocrx_word' id='word_1_231' title='bbox 1369 1685 1424 1721; x_wconf 87' lang='lat' dir='ltr'>illa</span> <span class='ocrx_word' id='word_1_232' title='bbox 1455 1694 1601 1722; x_wconf 83' lang='lat' dir='ltr'><em>FEPEF</em></span> <span class='ocrx_word' id='word_1_233' title='bbox 1628 1691 1663 1722; x_wconf 88' lang='lat' dir='ltr'>et</span> <span class='ocrx_word' id='word_1_234' title='bbox 1689 1694 1815 1727; x_wconf 65' lang='grc' dir='ltr'><em>ΡΕΡΓς</em></span> <span class='ocrx_word' id='word_1_235' title='bbox 1850 1688 1989 1722; x_wconf 67' lang='lat' dir='ltr'>voramo</span> <span class='ocrx_word' id='word_1_236' title='bbox 2022 1688 2116 1723; x_wconf 91' lang='lat' dir='ltr'>enim</span> <span class='ocrx_word' id='word_1_237' title='bbox 2145 1687 2242 1723; x_wconf 87' lang='lat' dir='ltr'>radi-</span> 
     </span>
     <span class='ocr_line' id='line_1_25' title="bbox 624 1743 2239 1793; baseline 0.001 -13"><span class='ocrx_word' id='word_1_238' title='bbox 624 1745 674 1780; x_wconf 89' lang='lat' dir='ltr'>cis</span> <span class='ocrx_word' id='word_1_239' title='bbox 700 1757 786 1780; x_wconf 89' lang='lat' dir='ltr'>suae</span> <span class='ocrx_word' id='word_1_240' title='bbox 814 1744 956 1780; x_wconf 77' lang='lat' dir='ltr'>vocales</span> <span class='ocrx_word' id='word_1_241' title='bbox 991 1748 1025 1779; x_wconf 90' lang='lat' dir='ltr'>et</span> <span class='ocrx_word' id='word_1_242' title='bbox 1059 1749 1139 1779; x_wconf 86' lang='lat' dir='ltr'>ante</span> <span class='ocrx_word' id='word_1_243' title='bbox 1167 1743 1303 1779; x_wconf 85' lang='lat' dir='ltr'>literam</span> <span class='ocrx_word' id='word_1_244' title='bbox 1333 1760 1351 1779; x_wconf 83' lang='lat' dir='ltr'>r</span> <span class='ocrx_word' id='word_1_245' title='bbox 1379 1750 1413 1780; x_wconf 89' lang='lat' dir='ltr'>et</span> <span class='ocrx_word' id='word_1_246' title='bbox 1441 1749 1523 1793; x_wconf 87' lang='lat' dir='ltr'>post</span> <span class='ocrx_word' id='word_1_247' title='bbox 1552 1746 1705 1781; x_wconf 88' lang='lat' dir='ltr'>eandem</span> <span class='ocrx_word' id='word_1_248' title='bbox 1741 1746 1898 1787; x_wconf 86' lang='lat' dir='ltr'>retinuit,</span> <span class='ocrx_word' id='word_1_249' title='bbox 1943 1747 2093 1782; x_wconf 73' lang='lat' dir='ltr'>vaurhta</span> <span class='ocrx_word' id='word_1_250' title='bbox 2120 1751 2239 1782; x_wconf 88' lang='lat' dir='ltr'>autem</span> 
     </span>
     <span class='ocr_line' id='line_1_26' title="bbox 624 1802 2242 1854; baseline 0.001 -15"><span class='ocrx_word' id='word_1_251' title='bbox 624 1804 787 1839; x_wconf 87' lang='lat' dir='ltr'>vocalem</span> <span class='ocrx_word' id='word_1_252' title='bbox 814 1807 895 1852; x_wconf 87' lang='lat' dir='ltr'>post</span> <span class='ocrx_word' id='word_1_253' title='bbox 922 1818 940 1837; x_wconf 83' lang='lat' dir='ltr'>r</span> <span class='ocrx_word' id='word_1_254' title='bbox 967 1802 1089 1838; x_wconf 86' lang='lat' dir='ltr'>amisit.</span> <span class='ocrx_word' id='word_1_255' title='bbox 1142 1803 1212 1838; x_wconf 87' lang='lat' dir='ltr'>Pro</span> <span class='ocrx_word' id='word_1_256' title='bbox 1244 1805 1392 1839; x_wconf 65' lang='lat' dir='ltr'>vaurhta</span> <span class='ocrx_word' id='word_1_257' title='bbox 1420 1804 1722 1853; x_wconf 77' lang='lat' dir='ltr'>Anglosaxonica</span> <span class='ocrx_word' id='word_1_258' title='bbox 1746 1804 1866 1851; x_wconf 71' lang='lat' dir='ltr'>lingua</span> <span class='ocrx_word' id='word_1_259' title='bbox 1892 1804 2106 1854; x_wconf 88' lang='lat' dir='ltr'>plerumque</span> <span class='ocrx_word' id='word_1_260' title='bbox 2134 1804 2242 1840; x_wconf 87' lang='lat' dir='ltr'>habet</span> 
     </span>
     <span class='ocr_line' id='line_1_27' title="bbox 625 1862 2241 1911; baseline 0.001 -13"><span class='ocrx_word' id='word_1_261' title='bbox 625 1864 753 1904; x_wconf 74' lang='lat' dir='ltr'>vorhte‚</span> <span class='ocrx_word' id='word_1_262' title='bbox 798 1862 976 1898; x_wconf 86' lang='lat' dir='ltr'>interdum</span> <span class='ocrx_word' id='word_1_263' title='bbox 1011 1862 1141 1897; x_wconf 48' lang='lat' dir='ltr'>prolate:</span> <span class='ocrx_word' id='word_1_264' title='bbox 1181 1862 1333 1911; x_wconf 72' lang='lat' dir='ltr'>Anglica</span> <span class='ocrx_word' id='word_1_265' title='bbox 1376 1869 1493 1898; x_wconf 90' lang='lat' dir='ltr'>autem</span> <span class='ocrx_word' id='word_1_266' title='bbox 1540 1865 1711 1911; x_wconf 71' lang='lat' dir='ltr'>nrt-ought,</span> <span class='ocrx_word' id='word_1_267' title='bbox 1754 1865 1897 1906; x_wconf 70' lang='lat' dir='ltr'>worked,</span> <span class='ocrx_word' id='word_1_268' title='bbox 1940 1865 2053 1900; x_wconf 70' lang='lat' dir='ltr'>workt.</span> <span class='ocrx_word' id='word_1_269' title='bbox 2121 1864 2241 1911; x_wconf 71' lang='lat' dir='ltr'>HuJus</span> 
     </span>
     <span class='ocr_line' id='line_1_28' title="bbox 625 1921 2241 1972; baseline 0.001 -15"><span class='ocrx_word' id='word_1_270' title='bbox 625 1922 885 1970; x_wconf 86' lang='lat' dir='ltr'>discrepantiae</span> <span class='ocrx_word' id='word_1_271' title='bbox 914 1921 1089 1971; x_wconf 76' lang='lat' dir='ltr'>originem</span> <span class='ocrx_word' id='word_1_272' title='bbox 1115 1921 1253 1956; x_wconf 58' lang='lat' dir='ltr'>woraldo</span> <span class='ocrx_word' id='word_1_273' title='bbox 1282 1921 1368 1957; x_wconf 88' lang='lat' dir='ltr'>illud</span> <span class='ocrx_word' id='word_1_274' title='bbox 1404 1934 1529 1957; x_wconf 88' lang='lat' dir='ltr'>secum</span> <span class='ocrx_word' id='word_1_275' title='bbox 1566 1921 1661 1957; x_wconf 87' lang='lat' dir='ltr'>ferre</span> <span class='ocrx_word' id='word_1_276' title='bbox 1694 1922 1844 1958; x_wconf 88' lang='lat' dir='ltr'>videtur.</span> <span class='ocrx_word' id='word_1_277' title='bbox 1906 1923 1945 1958; x_wconf 92' lang='lat' dir='ltr'>In</span> <span class='ocrx_word' id='word_1_278' title='bbox 1974 1922 2065 1958; x_wconf 88' lang='lat' dir='ltr'>hanc</span> <span class='ocrx_word' id='word_1_279' title='bbox 2094 1935 2241 1972; x_wconf 90' lang='lat' dir='ltr'>quoque</span> 
     </span>
     <span class='ocr_line' id='line_1_29' title="bbox 624 1979 1959 2030; baseline 0.001 -14"><span class='ocrx_word' id='word_1_280' title='bbox 624 1981 836 2017; x_wconf 77' lang='lat' dir='ltr'>senteutiam</span> <span class='ocrx_word' id='word_1_281' title='bbox 861 1981 906 2016; x_wconf 87' lang='lat' dir='ltr'>de</span> <span class='ocrx_word' id='word_1_282' title='bbox 933 1979 1148 2027; x_wconf 70' lang='lat' dir='ltr'>gttlzalaiban</span> <span class='ocrx_word' id='word_1_283' title='bbox 1176 1985 1211 2015; x_wconf 89' lang='lat' dir='ltr'>et</span> <span class='ocrx_word' id='word_1_284' title='bbox 1234 1980 1423 2026; x_wconf 73' lang='lat' dir='ltr'>gahlaiban</span> <span class='ocrx_word' id='word_1_285' title='bbox 1452 1980 1605 2016; x_wconf 85' lang='lat' dir='ltr'>fortasse</span> <span class='ocrx_word' id='word_1_286' title='bbox 1634 1980 1804 2030; x_wconf 87' lang='lat' dir='ltr'>disputari</span> <span class='ocrx_word' id='word_1_287' title='bbox 1832 1986 1959 2030; x_wconf 88' lang='lat' dir='ltr'>potest.</span> 
     </span>
    </p>
   </div>
   <div class='ocr_carea' id='block_1_4' title="bbox 621 2071 2241 2533">
    <p class='ocr_par' dir='ltr' id='par_1_4' title="bbox 621 2071 2241 2533">
     <span class='ocr_line' id='line_1_30' title="bbox 775 2071 2240 2122; baseline -0.001 -15"><span class='ocrx_word' id='word_1_288' title='bbox 775 2073 914 2108; x_wconf 86' lang='lat' dir='ltr'>Literae</span> <span class='ocrx_word' id='word_1_289' title='bbox 943 2071 1050 2120; x_wconf 83' lang='lat' dir='ltr'>lapidi</span> <span class='ocrx_word' id='word_1_290' title='bbox 1078 2071 1213 2106; x_wconf 88' lang='lat' dir='ltr'>incisae</span> <span class='ocrx_word' id='word_1_291' title='bbox 1250 2071 1351 2106; x_wconf 86' lang='lat' dir='ltr'>mixti</span> <span class='ocrx_word' id='word_1_292' title='bbox 1392 2071 1579 2118; x_wconf 87' lang='lat' dir='ltr'>eujusdam</span> <span class='ocrx_word' id='word_1_293' title='bbox 1613 2072 1758 2122; x_wconf 81' lang='lat' dir='ltr'>generis</span> <span class='ocrx_word' id='word_1_294' title='bbox 1797 2076 1892 2113; x_wconf 88' lang='lat' dir='ltr'>sunt,</span> <span class='ocrx_word' id='word_1_295' title='bbox 1936 2076 1973 2107; x_wconf 92' lang='lat' dir='ltr'>ut</span> <span class='ocrx_word' id='word_1_296' title='bbox 2000 2084 2071 2107; x_wconf 86' lang='lat' dir='ltr'>non</span> <span class='ocrx_word' id='word_1_297' title='bbox 2099 2071 2240 2107; x_wconf 88' lang='lat' dir='ltr'>solitam</span> 
     </span>
     <span class='ocr_line' id='line_1_31' title="bbox 625 2129 2239 2179; baseline 0 -13"><span class='ocrx_word' id='word_1_298' title='bbox 625 2136 777 2172; x_wconf 89' lang='lat' dir='ltr'>tantum,</span> <span class='ocrx_word' id='word_1_299' title='bbox 807 2130 1005 2178; x_wconf 84' lang='lat' dir='ltr'>majoribus</span> <span class='ocrx_word' id='word_1_300' title='bbox 1033 2130 1163 2166; x_wconf 88' lang='lat' dir='ltr'>nostris</span> <span class='ocrx_word' id='word_1_301' title='bbox 1191 2129 1466 2178; x_wconf 87' lang='lat' dir='ltr'>frequentatam,</span> <span class='ocrx_word' id='word_1_302' title='bbox 1492 2131 1700 2167; x_wconf 89' lang='lat' dir='ltr'>runicorum</span> <span class='ocrx_word' id='word_1_303' title='bbox 1729 2131 1991 2166; x_wconf 88' lang='lat' dir='ltr'>elementorum</span> <span class='ocrx_word' id='word_1_304' title='bbox 2027 2130 2239 2179; x_wconf 86' lang='lat' dir='ltr'>scripturam</span> 
     </span>
     <span class='ocr_line' id='line_1_32' title="bbox 626 2188 2240 2239; baseline -0.001 -14"><span class='ocrx_word' id='word_1_305' title='bbox 626 2189 795 2231; x_wconf 87' lang='lat' dir='ltr'>referant,</span> <span class='ocrx_word' id='word_1_306' title='bbox 824 2190 890 2225; x_wconf 90' lang='lat' dir='ltr'>sed</span> <span class='ocrx_word' id='word_1_307' title='bbox 918 2194 952 2225; x_wconf 89' lang='lat' dir='ltr'>et</span> <span class='ocrx_word' id='word_1_308' title='bbox 978 2191 1172 2230; x_wconf 82' lang='lat' dir='ltr'>Graecam,</span> <span class='ocrx_word' id='word_1_309' title='bbox 1200 2189 1375 2230; x_wconf 84' lang='lat' dir='ltr'>Latinam,</span> <span class='ocrx_word' id='word_1_310' title='bbox 1416 2188 1616 2226; x_wconf 84' lang='lat' dir='ltr'>Gothicam.</span> <span class='ocrx_word' id='word_1_311' title='bbox 1679 2189 1774 2234; x_wconf 79' lang='lat' dir='ltr'>Quin</span> <span class='ocrx_word' id='word_1_312' title='bbox 1799 2194 1834 2226; x_wconf 93' lang='lat' dir='ltr'>et</span> <span class='ocrx_word' id='word_1_313' title='bbox 1861 2190 1996 2239; x_wconf 90' lang='lat' dir='ltr'>aliquot</span> <span class='ocrx_word' id='word_1_314' title='bbox 2022 2189 2145 2225; x_wconf 88' lang='lat' dir='ltr'>literae</span> <span class='ocrx_word' id='word_1_315' title='bbox 2174 2188 2240 2225; x_wconf 92' lang='lat' dir='ltr'>hu-</span> 
     </span>
     <span class='ocr_line' id='line_1_33' title="bbox 621 2248 2237 2298; baseline 0 -14"><span class='ocrx_word' id='word_1_316' title='bbox 621 2251 682 2297; x_wconf 83' lang='lat' dir='ltr'>jus</span> <span class='ocrx_word' id='word_1_317' title='bbox 710 2248 849 2285; x_wconf 88' lang='lat' dir='ltr'>dialecti</span> <span class='ocrx_word' id='word_1_318' title='bbox 874 2249 1042 2297; x_wconf 88' lang='lat' dir='ltr'>propriae</span> <span class='ocrx_word' id='word_1_319' title='bbox 1067 2248 1302 2296; x_wconf 79' lang='lat' dir='ltr'>reperiuntur.</span> <span class='ocrx_word' id='word_1_320' title='bbox 1356 2248 1543 2283; x_wconf 86' lang='lat' dir='ltr'>Vocabula</span> <span class='ocrx_word' id='word_1_321' title='bbox 1567 2248 1749 2297; x_wconf 84' lang='lat' dir='ltr'>inscripta,</span> <span class='ocrx_word' id='word_1_322' title='bbox 1781 2261 1997 2298; x_wconf 86' lang='lat' dir='ltr'>quamquam</span> <span class='ocrx_word' id='word_1_323' title='bbox 2027 2249 2135 2284; x_wconf 87' lang='lat' dir='ltr'>multa</span> <span class='ocrx_word' id='word_1_324' title='bbox 2163 2260 2237 2284; x_wconf 90' lang='lat' dir='ltr'>non</span> 
     </span>
     <span class='ocr_line' id='line_1_34' title="bbox 625 2307 2240 2356; baseline 0 -13"><span class='ocrx_word' id='word_1_325' title='bbox 625 2314 721 2350; x_wconf 81' lang='lat' dir='ltr'>sunt,</span> <span class='ocrx_word' id='word_1_326' title='bbox 753 2321 906 2343; x_wconf 89' lang='lat' dir='ltr'>numero</span> <span class='ocrx_word' id='word_1_327' title='bbox 936 2312 1054 2343; x_wconf 86' lang='lat' dir='ltr'>tamen</span> <span class='ocrx_word' id='word_1_328' title='bbox 1081 2312 1252 2355; x_wconf 84' lang='lat' dir='ltr'>superant</span> <span class='ocrx_word' id='word_1_329' title='bbox 1284 2320 1327 2343; x_wconf 84' lang='lat' dir='ltr'>ea</span> <span class='ocrx_word' id='word_1_330' title='bbox 1360 2307 1557 2349; x_wconf 85' lang='lat' dir='ltr'>vocabula,</span> <span class='ocrx_word' id='word_1_331' title='bbox 1594 2320 1686 2356; x_wconf 88' lang='lat' dir='ltr'>quae</span> <span class='ocrx_word' id='word_1_332' title='bbox 1715 2307 1866 2343; x_wconf 84' lang='lat' dir='ltr'>collecta</span> <span class='ocrx_word' id='word_1_333' title='bbox 1892 2320 1912 2343; x_wconf 92' lang='lat' dir='ltr'>e</span> <span class='ocrx_word' id='word_1_334' title='bbox 1940 2307 2063 2356; x_wconf 89' lang='lat' dir='ltr'>paucis</span> <span class='ocrx_word' id='word_1_335' title='bbox 2092 2307 2240 2356; x_wconf 85' lang='lat' dir='ltr'>quibus-</span> 
     </span>
     <span class='ocr_line' id='line_1_35' title="bbox 627 2365 2238 2415; baseline -0.001 -13"><span class='ocrx_word' id='word_1_336' title='bbox 627 2367 706 2402; x_wconf 91' lang='lat' dir='ltr'>dam</span> <span class='ocrx_word' id='word_1_337' title='bbox 738 2367 813 2402; x_wconf 91' lang='lat' dir='ltr'>aliis</span> <span class='ocrx_word' id='word_1_338' title='bbox 840 2366 1147 2415; x_wconf 85' lang='lat' dir='ltr'>inscriptionibus,</span> <span class='ocrx_word' id='word_1_339' title='bbox 1178 2366 1381 2403; x_wconf 86' lang='lat' dir='ltr'>Gothorum</span> <span class='ocrx_word' id='word_1_340' title='bbox 1409 2365 1528 2401; x_wconf 85' lang='lat' dir='ltr'>studio</span> <span class='ocrx_word' id='word_1_341' title='bbox 1557 2372 1592 2402; x_wconf 91' lang='lat' dir='ltr'>et</span> <span class='ocrx_word' id='word_1_342' title='bbox 1619 2379 1731 2414; x_wconf 90' lang='lat' dir='ltr'>opera</span> <span class='ocrx_word' id='word_1_343' title='bbox 1749 2366 1857 2415; x_wconf 89' lang='lat' dir='ltr'>lapidi</span> <span class='ocrx_word' id='word_1_344' title='bbox 1885 2366 2075 2402; x_wconf 82' lang='lat' dir='ltr'>metallove</span> <span class='ocrx_word' id='word_1_345' title='bbox 2102 2366 2238 2407; x_wconf 89' lang='lat' dir='ltr'>incisis,</span> 
     </span>
     <span class='ocr_line' id='line_1_36' title="bbox 626 2424 2241 2474; baseline 0 -14"><span class='ocrx_word' id='word_1_346' title='bbox 626 2425 671 2460; x_wconf 85' lang='lat' dir='ltr'>ad</span> <span class='ocrx_word' id='word_1_347' title='bbox 698 2424 792 2460; x_wconf 89' lang='lat' dir='ltr'>hunc</span> <span class='ocrx_word' id='word_1_348' title='bbox 823 2425 917 2461; x_wconf 91' lang='lat' dir='ltr'>diem</span> <span class='ocrx_word' id='word_1_349' title='bbox 945 2425 1128 2474; x_wconf 81' lang='lat' dir='ltr'>explicare</span> <span class='ocrx_word' id='word_1_350' title='bbox 1158 2425 1272 2467; x_wconf 88' lang='lat' dir='ltr'>licuit;</span> <span class='ocrx_word' id='word_1_351' title='bbox 1308 2438 1389 2461; x_wconf 90' lang='lat' dir='ltr'>nam</span> <span class='ocrx_word' id='word_1_352' title='bbox 1420 2437 1529 2473; x_wconf 92' lang='lat' dir='ltr'>quum</span> <span class='ocrx_word' id='word_1_353' title='bbox 1563 2438 1676 2461; x_wconf 92' lang='lat' dir='ltr'>cornu</span> <span class='ocrx_word' id='word_1_354' title='bbox 1711 2425 1797 2460; x_wconf 90' lang='lat' dir='ltr'>illud</span> <span class='ocrx_word' id='word_1_355' title='bbox 1830 2437 1980 2461; x_wconf 86' lang='lat' dir='ltr'>aureum</span> <span class='ocrx_word' id='word_1_356' title='bbox 2015 2424 2241 2460; x_wconf 84' lang='lat' dir='ltr'>Gallehusia-</span> 
     </span>
     <span class='ocr_line' id='line_1_37' title="bbox 627 2483 2240 2533; baseline -0.001 -14"><span class='ocrx_word' id='word_1_357' title='bbox 627 2497 710 2520; x_wconf 87' lang='lat' dir='ltr'>num</span> <span class='ocrx_word' id='word_1_358' title='bbox 737 2484 939 2520; x_wconf 73' lang='lat' dir='ltr'>Jutlandiae</span> <span class='ocrx_word' id='word_1_359' title='bbox 958 2488 988 2533; x_wconf 84' lang='grc'>2)</span> <span class='ocrx_word' id='word_1_360' title='bbox 1016 2496 1083 2520; x_wconf 82' lang='lat' dir='ltr'>sex</span> <span class='ocrx_word' id='word_1_361' title='bbox 1110 2488 1244 2520; x_wconf 87' lang='lat' dir='ltr'>tantum</span> <span class='ocrx_word' id='word_1_362' title='bbox 1260 2483 1436 2520; x_wconf 84' lang='lat' dir='ltr'>vocabula</span> <span class='ocrx_word' id='word_1_363' title='bbox 1460 2483 1595 2525; x_wconf 89' lang='lat' dir='ltr'>habuit,</span> <span class='ocrx_word' id='word_1_364' title='bbox 1623 2488 1657 2519; x_wconf 92' lang='lat' dir='ltr'>et</span> <span class='ocrx_word' id='word_1_365' title='bbox 1678 2483 1767 2532; x_wconf 86' lang='lat' dir='ltr'>lapis</span> <span class='ocrx_word' id='word_1_366' title='bbox 1787 2483 2009 2532; x_wconf 83' lang='lat' dir='ltr'>Istabyensis</span> <span class='ocrx_word' id='word_1_367' title='bbox 2031 2483 2240 2532; x_wconf 83' lang='lat' dir='ltr'>Blekingiae</span> 
     </span>
    </p>
   </div>
   <div class='ocr_carea' id='block_1_5' title="bbox 734 2598 1323 2627">
    <p class='ocr_par' dir='ltr' id='par_1_5' title="bbox 734 2598 1323 2627">
     <span class='ocr_line' id='line_1_38' title="bbox 734 2598 1323 2627; baseline 0.002 -4"><span class='ocrx_word' id='word_1_368' title='bbox 734 2600 755 2627; x_wconf 87' lang='lat' dir='ltr'>l)</span> <span class='ocrx_word' id='word_1_369' title='bbox 776 2599 853 2623; x_wconf 65' lang='lat' dir='ltr'>Edita</span> <span class='ocrx_word' id='word_1_370' title='bbox 873 2599 1045 2625; x_wconf 76' lang='lat' dir='ltr'>Christianiue</span> <span class='ocrx_word' id='word_1_371' title='bbox 1065 2600 1088 2625; x_wconf 89' lang='lat' dir='ltr'>d.</span> <span class='ocrx_word' id='word_1_372' title='bbox 1109 2600 1140 2624; x_wconf 69' lang='lat'>,05</span> <span class='ocrx_word' id='word_1_373' title='bbox 1159 2599 1227 2624; x_wconf 77' lang='lat' dir='ltr'>‹Juuii</span> <span class='ocrx_word' id='word_1_374' title='bbox 1250 2598 1323 2624; x_wconf 65' lang='lat'>18:37.</span> 
     </span>
    </p>
   </div>
   <div class='ocr_carea' id='block_1_6' title="bbox 732 2651 1818 2686">
    <p class='ocr_par' dir='ltr' id='par_1_6' title="bbox 732 2651 1818 2686">
     <span class='ocr_line' id='line_1_39' title="bbox 732 2651 1818 2686; baseline 0 -11"><span class='ocrx_word' id='word_1_375' title='bbox 732 2652 757 2678; x_wconf 73' lang='lat'>2)</span> <span class='ocrx_word' id='word_1_376' title='bbox 779 2651 920 2686; x_wconf 40' lang='lat' dir='ltr'>liiljegren.</span> <span class='ocrx_word' id='word_1_377' title='bbox 942 2652 1143 2682; x_wconf 56' lang='lat' dir='ltr'>Runurliunder,</span> <span class='ocrx_word' id='word_1_378' title='bbox 1162 2651 1211 2677; x_wconf 76' lang='lat' dir='ltr'>Nto</span> <span class='ocrx_word' id='word_1_379' title='bbox 1234 2652 1309 2677; x_wconf 58' lang='lat'>1592.</span> <span class='ocrx_word' id='word_1_380' title='bbox 1347 2651 1367 2677; x_wconf 85' lang='lat' dir='ltr'>E</span> <span class='ocrx_word' id='word_1_381' title='bbox 1389 2652 1557 2676; x_wconf 66' lang='lat' dir='ltr'>xitiosissima</span> <span class='ocrx_word' id='word_1_382' title='bbox 1579 2651 1679 2676; x_wconf 80' lang='lat' dir='ltr'>Miilleri</span> <span class='ocrx_word' id='word_1_383' title='bbox 1699 2651 1818 2677; x_wconf 80' lang='lat' dir='ltr'>lectione.</span> 
     </span>
    </p>
   </div>
  </div>
 </body>
</html>
