2435 3188
686 259 773 299 290

630 363 872 407 brevioribus,
908 365 1063 402 bracteis
1102 366 1298 415 pedicellos
1339 366 1542 404 fructiferos
1570 381 1745 405 recurvos
1772 370 2022 419 aequantibuS,
2066 370 2233 407 foliorum

631 423 766 460 laciniis
790 424 993 461 linearibus.

632 514 807 549 Fumaria
846 514 1053 550 Heldreiclzii
1090 514 1204 551 Boiss.
1244 516 1376 562 Diagn.
1401 516 1453 564 pl.
1481 520 1598 550 orient.
1629 519 1711 551 1855
1733 529 1770 564 p.
1801 522 1836 552 46
1864 529 1912 552 ex
1940 530 2036 566 spec.
2065 517 2099 553 in
2127 517 2239 553 Herb.

709 572 822 609 Fries.

633 641 785 678 Habitat
807 642 840 678 in
867 647 990 678 monte
1015 642 1154 692 Hagios
1180 641 1348 678 Nicolaos
1376 642 1512 678 insulae
1537 642 1724 679 Salamidis
1744 644 1884 680 Atticae
1912 646 2109 692 (Heldreich
2132 648 2240 689 4852).

782 757 903 792 Radix
931 770 1044 792 annua.
1114 755 1232 791 Caulis
1264 755 1444 795 scandens,
1479 755 1662 802 angulatus.
1732 755 1834 789 Folia
1863 755 1983 802 pallide
2024 756 2157 789 virentia
2200 768 2241 790 ex

636 816 767 863 petiolis
805 818 942 864 trigonis
969 816 1235 863 bipinnatisecta,
1267 815 1389 849 laciniis
1418 815 1594 849 linearibus
1623 814 1795 856 consertis,
1838 815 2088 855 mucronulatis,
2128 815 2244 862 planis.

636 876 778 910 Racemz'
805 875 1035 923 oppositifolii‚
1067 874 1285 914 densiusculi·,
1312 873 1465 921 pedicelli
1493 873 1648 908 fructiferi
1676 875 1821 913 recurvi,
1852 874 1957 908 fructu
1986 875 2038 908 vix
2066 874 2243 921 longiores.

636 936 807 970 Bracteae
833 935 989 973 lineares,
1026 932 1209 981 pedicellos
1237 932 1443 980 longitudine
1471 939 1662 981 aequantes.
1717 933 1838 967 Flores
1870 932 2072 974 mediocres,
2100 933 2245 981 pallidis-

637 996 718 1029 sime
747 994 833 1029 rosei
860 993 982 1033 albive,
1016 993 1112 1039 apice
1138 993 1306 1039 purpurei.
1368 991 1496 1040 Sepala
1532 998 1644 1033 ovata,
1678 992 1895 1029 acutiuscula.
1929 992 2245 1040 repando-dentata,

637 1053 782 1088 corollae
810 1053 890 1087 tubo
918 1051 1028 1100 paullo
1058 1051 1170 1085 latiora
1199 1064 1308 1099 eoque
1341 1050 1476 1085 dimidio
1510 1052 1671 1086 breviora.
1733 1051 1897 1086 Petalum
1930 1057 2088 1099 superius
2127 1052 2243 1086 calcari

637 1112 898 1160 sesquilongius‚
928 1110 1028 1145 dilute
1062 1123 1213 1151 roseum,
1247 1112 1342 1158 apice
1379 1116 1509 1145 acutum
1537 1117 1569 1145 et
1602 1124 1745 1158 superne
1777 1111 1880 1158 gibbo
1910 1110 2003 1145 viridi
2034 1111 2246 1151 instructum·⁷

638 1174 732 1219 cujus
760 1171 924 1218 margines
952 1168 1066 1205 reflexi
1089 1183 1252 1203 summum
1275 1171 1404 1217 apicem
1430 1183 1495 1204 non
1523 1171 1693 1217 attingunt.
1750 1170 1908 1204 Pelalmn
1935 1170 2088 1216 inferius
2114 1170 2245 1211 lineare,

638 1230 902 1270 canaliculatum,
942 1228 1224 1270 roseo-albidum,
1262 1230 1357 1276 apice
1394 1236 1526 1263 acutum
1555 1236 1586 1264 et
1614 1229 1738 1264 inferne
1776 1229 1880 1276 gibbo
1910 1228 2002 1263 viridi
2034 1229 2246 1270 instructum,

640 1291 694 1338 qui
722 1290 886 1336 margines
913 1288 1012 1323 habet
1036 1295 1182 1329 erectos,
1217 1301 1380 1323 summum
1415 1291 1544 1335 apicem
1572 1302 1637 1323 non
1666 1290 1873 1335 attingentes.
1927 1288 2056 1323 Petala
2081 1293 2246 1322 interiora

639 1349 757 1391 albida,
779 1350 873 1396 apice
899 1354 968 1382 atro
979 1360 1156 1395 -purpurea
1185 1353 1218 1381 et
1242 1346 1742 1395 longitudinalitertri-carinam,
1771 1360 1788 1380 a
1817 1347 1925 1381 medio
1955 1347 1996 1381 ad
2025 1348 2153 1395 apicem
2175 1360 2248 1382 sur-

640 1423 712 1444 sum
738 1413 879 1443 curvata.
933 1407 1088 1442 Fructus
1114 1407 1264 1447 minutus,
1287 1406 1461 1453 globosus,
1491 1407 1948 1454 compresso-subcarinatus,
1972 1408 2112 1441 tenuiter
2135 1407 2248 1441 tuber-

640 1468 777 1508 efflatus,
804 1468 899 1514 apice
926 1465 1156 1507 bifoveolatus,
1184 1466 1237 1500 vix
1263 1466 1436 1513 stipitatus.

790 1561 986 1608 Descriptio
1023 1574 1064 1593 ex
1103 1560 1212 1594 Boiss.
1249 1568 1282 1595 et
1318 1574 1359 1594 ex
1397 1558 1647 1608 &templaribus
1687 1573 1709 1593 a
1750 1559 1902 1594 Boissier
1935 1560 2028 1594 datis
2065 1564 2101 1593 in
2143 1557 2245 1593 Herb.

642 1620 682 1656 F
678 1625 753 1655 ries.

794 1691 868 1727 Obs.
922 1691 1017 1727 Haec
1044 1693 1187 1739 species,
1214 1692 1240 1725 si
1268 1691 1400 1724 omnino
1429 1691 1561 1738 species
1589 1689 1738 1723 distincta
1766 1702 1827 1723 nec
1846 1690 1957 1736 potius
1971 1690 2111 1724 varietas
2129 1690 2248 1736 prioris

642 1758 693 1788 est
718 1752 880 1793 habenda,
908 1758 972 1785 tam
1000 1752 1097 1785 arctis
1124 1750 1261 1784 vinculis
1283 1763 1357 1784 cum
1382 1750 1494 1797 priore
1522 1749 1636 1796 specie
1665 1754 1715 1783 est
1744 1749 1862 1795 juncta,
1888 1755 1931 1789 ut,
1959 1750 2019 1783 etsi
2048 1748 2245 1796 exemplaria

641 1813 782 1859 genuina
812 1812 981 1858 utriusque
1009 1810 1149 1857 speciei,
1180 1823 1197 1843 a
1224 1808 1378 1844 Boissier
1405 1808 1495 1849 data,
1525 1809 1555 1842 in
1583 1807 1676 1842 herb.
1704 1806 1802 1842 Fries
1830 1807 1913 1848 vidi,
1943 1807 2001 1841 has
2034 1809 2167 1856 species
2194 1821 2249 1842 se—

642 1874 780 1919 jungere
808 1884 873 1905 non
900 1870 1073 1917 potuerim.
1133 1867 1205 1903 Sed
1237 1882 1311 1903 cum
1339 1869 1486 1916 speciem
1522 1880 1587 1901 non
1622 1868 1728 1901 vivam
1764 1866 1917 1907 viderim,
1957 1866 2095 1901 eandem
2135 1873 2247 1902 contra

645 1931 871 1966 auctoritatem
898 1927 1060 1964 Boissieri
1089 1941 1162 1962 cum
1190 1929 1301 1975 priore
1328 1929 1533 1974 conjungere
1563 1925 1661 1961 nolui.

1109 2087 1180 2128 14.
1241 2088 1431 2126 Fumat-ia
1466 2085 1638 2126 Gussom·
1666 2085 1796 2125 Boiss.

793 2199 831 2235 F.
857 2198 1030 2234 fructibus
1053 2195 1286 2233 subrotundis
1313 2194 1451 2230 obtusis
1477 2193 1723 2235 tuberculatis,
1761 2193 1891 2243 sepalis
1916 2193 2028 2229 ovatis
2056 2205 2248 2230 mucrona-

644 2259 687 2294 tis
711 2257 933 2294 denticulatis
960 2255 1097 2292 corolla
1124 2254 1300 2303 3-4-plo
1327 2253 1554 2290 brevioribus
1582 2255 1734 2302 ejusque
1762 2253 1849 2289 tubo
1874 2252 2066 2302 aequilatis,
2095 2252 2248 2289 bracteis

643 2317 820 2366 pedicello
845 2315 1029 2352 fructifero
1057 2318 1180 2351 erecto
1205 2314 1284 2363 plus
1311 2313 1421 2361 duplo
1448 2312 1694 2353 brevioribus,
1723 2312 1891 2348 foliorum
1916 2311 2050 2347 laciniis
2079 2312 2246 2360 angustis,

646 2374 1031 2425 oblongo—linearibus.

645 2479 819 2514 Fumaria
845 2477 1043 2525 capreolum
1069 2489 1090 2518 ’γ
1120 2473 1246 2510 Parlat.
1285 2475 1379 2509 silon.
1409 2474 1510 2508 Fum.
1548 2478 1583 2507 in
1618 2478 1729 2519 giorn.
1758 2471 1820 2508 bot.
1848 2472 1919 2506 ital.
1951 2476 2027 2507 1844
2051 2486 2092 2521 p.
2129 2476 2187 2509 150
2210 2488 2252 2508 ex

721 2537 831 2571 Boiss.
861 2536 881 2570 l.
910 2536 997 2581 infr.
1031 2540 1126 2569 citat.

647 2613 820 2648 Fumarz'a
846 2611 983 2646 Petteri
1006 2623 1027 2653 Ὺ
1055 2610 1160 2644 GuSS.
1188 2607 1271 2655 Syn.
1289 2609 1337 2654 fl.
1363 2607 1457 2642 sicul.
1484 2607 1543 2641 vol.
1571 2606 1617 2640 II
1629 2619 1669 2654 p.
1696 2608 1761 2641 259
1791 2619 1833 2639 ex
1857 2605 1966 2640 Boiss.
1995 2605 2015 2640 l.
2043 2607 2130 2652 infr.
2158 2620 2185 2641 e.
