2435 3188
1608 258 1691 299 107

155 371 233 416 ejus
263 366 319 404 ulli
343 377 464 402 earum
495 364 635 408 indere,
674 375 782 412 quum
809 367 869 399 aut
895 361 1052 398 deterius
1079 361 1257 409 descripta
1292 360 1351 402 sit,
1390 374 1496 410 quam
1526 368 1561 399 ut
1587 375 1742 413 unquam

154 427 264 476 possit
291 422 529 464 determinari,
557 426 616 458 aut
642 421 760 471 (quod
789 426 908 457 tamen
935 420 1094 456 omnium
1122 419 1267 455 minime
1296 419 1485 457 verisimile
1511 425 1575 466 est)
1602 421 1741 458 diversa

151 486 193 522 sit
221 483 374 533 species,
404 486 484 530 post
511 481 690 518 CLERCKII
713 484 865 517 aetatem
889 491 960 515 non
989 478 1217 527 reprehensa.

368 633 426 681 Sp.
453 633 485 668 3.
538 630 806 676 1NQu1L1NUs
834 644 866 680 p.
897 632 955 668 85.
984 631 1034 667 Pl.
1064 631 1098 667 5.
1126 630 1195 667 tab.
1222 631 1255 666 2.

224 723 284 756 Syn.
308 722 464 748 Araneus
485 719 612 748 nivalis
633 720 724 747 Cleo-ck.
747 730 771 757 p.
797 723 860 748 100.
884 720 918 757 pl.
944 725 968 748 5.
990 720 1045 748 tab.
1069 723 1094 747 3.

305 771 378 807 Lyc.
395 769 599 801 (Tm-antula)
623 769 761 797 fabrilis
780 771 856 796 Koch.
869 770 919 797 Die
932 769 1048 797 Arachn.
1062 768 1137 797 XIV.
1150 778 1175 806 p.
1191 771 1254 797 168.
1266 768 1330 806 figg.
1346 771 1515 797 1389-1392
1529 771 1595 801 (salt.
1607 773 1643 797 ad
1651 775 1738 805 pum).

304 819 433 856 Lycosa
456 818 604 846 trabalis
627 820 664 852 (ὅ)
686 819 767 846 szd.
790 819 850 846 Act.
876 819 968 847 Holm.
994 822 1078 846 1832.
1101 828 1125 856 p.
1152 821 1216 846 182.

457 867 629 905 inquilina
659 869 747 895 Westr.
771 868 832 896 Act.
856 867 975 896 Gothob.
1002 871 1085 895 1851.
1109 877 1134 905 p.
1159 871 1204 895 53.

571 927 827 976 [TARENTULA
856 925 1074 976 inquilina
1100 925 1304 976 (Clerck.)]

284 1037 327 1073 Ut
348 1039 422 1084 Jam
448 1049 554 1085 supra
581 1039 676 1085 (pag.
709 1037 795 1085 100)
823 1036 913 1076 dixi,
941 1036 987 1072 de
1012 1035 1079 1072 hac
1108 1035 1230 1084 specie
1256 1047 1446 1084 perperam
1471 1034 1645 1082 judicavit
1659 1035 1739 1072 Ko-

139 1107 262 1137 emus,
304 1098 406 1143 cujus
449 1098 532 1132 Tar.
571 1096 738 1145 inquilina
778 1095 906 1131 eadem
943 1107 1024 1131 esse
1057 1095 1206 1136 videtur,
1240 1106 1282 1130 ac
1308 1095 1393 1143 Lyc.
1423 1093 1581 1144 barbipes
1608 1094 1737 1131 Sund.

142 1154 248 1200 Quod
275 1159 391 1191 autem
420 1155 559 1204 species
588 1154 660 1196 illa,
693 1156 797 1202 cujus
825 1154 1103 1203 descriptionem
1127 1155 1202 1201 jam
1229 1153 1314 1189 dedi
1341 1156 1390 1202 (p.
1420 1154 1517 1203 104),
1543 1154 1671 1190 eadem
1700 1167 1738 1190 re

139 1227 221 1250 vera
248 1218 316 1256 est,
341 1218 446 1263 atque
474 1216 516 1250 Α.
543 1215 744 1263 inquilinus,
771 1218 807 1249 ut
832 1213 1078 1250 WEsTmes
1099 1213 1234 1261 primus
1254 1212 1355 1254 vidit,
1376 1212 1412 1248 id
1426 1225 1536 1262 quum
1552 1226 1599 1249 ex
1613 1215 1737 1260 figura

140 1273 317 1309 CLERCKH
343 1278 501 1322 apparet,
529 1285 621 1322 quae
646 1272 906 1321 magnitudine,
933 1272 1057 1308 colore
1084 1271 1443 1308 rufescenti-cinereo
1467 1276 1574 1321 atque
1600 1272 1737 1321 pictura

139 1344 218 1367 cum
241 1336 361 1368 nostra
388 1332 509 1381 specie
539 1331 716 1381 congruit,
748 1336 821 1367 tum
861 1331 966 1367 etiam
995 1343 1043 1367 ex
1071 1330 1313 1379 descriptione
1346 1332 1443 1378 ejus,
1475 1343 1533 1366 ex.
1561 1343 1612 1380 gr.
1644 1332 1735 1367 «Pe-

137 1395 213 1426 ctus
252 1390 498 1433 suffusculum,
536 1403 660 1439 parum
700 1390 885 1427 subrubeus
912 1414 955 1419 —
986 1413 1030 1419 —
1061 1413 1105 1418 —
1136 1389 1228 1426 binis
1252 1389 1408 1426 arcubus
1435 1389 1600 1439 utrinque
1628 1390 1735 1440 nigri-

137 1449 335 1491 cantibus»;
377 1449 513 1485 «Alvus
557 1454 676 1492 ovata,
716 1450 925 1492 suffuscula,
966 1449 1195 1491 sub-rubra»,
1240 1454 1306 1485 cet.
1343 1471 1388 1476 —-
1417 1449 1599 1485 Feminam
1627 1448 1734 1498 hujus

137 1507 250 1544 SUND.
280 1520 351 1544 non
382 1508 567 1557 eognovit3
603 1521 737 1545 marem
765 1514 883 1546 autem
922 1513 978 1557 (=
1005 1511 1048 1545 A.
1073 1511 1196 1545 nivalis
1222 1508 1410 1557 Glerck.)
1438 1521 1520 1544 cum
1548 1510 1631 1545 Tar.
1661 1519 1735 1545 tra-

136 1566 203 1602 bale?
230 1567 430 1617 (Clerck.)
459 1567 627 1604 confudit.
681 1569 716 1604 A
745 1568 805 1605 DE
834 1570 970 1605 GEERO
1004 1569 1040 1604 in
1068 1570 1172 1604 Me'm.
1209 1569 1285 1604 VII.
1307 1568 1360 1617 pl.
1389 1573 1435 1604 16.
1454 1569 1526 1616 fig.
1555 1574 1584 1604 8.
1609 1577 1643 1613 0²
1672 1568 1734 1604 de-

136 1626 248 1674 pictus
275 1630 342 1668 est,
369 1627 462 1663 nulla
488 1631 606 1663 tamen
634 1627 875 1677 descriptione
902 1627 1107 1670 illustratus,
1135 1641 1203 1665 nec
1229 1627 1375 1663 nomine
1401 1627 1520 1676 aliquo
1549 1631 1700 1664 notatus.

356 1778 414 1826 Sp.
444 1780 476 1814 4.
531 1779 788 1817 LIGNARIUS
814 1794 846 1830 p.
877 1781 934 1818 90.
963 1781 1011 1817 Pl.
1037 1783 1069 1817 4.
1099 1781 1168 1818 tab.
1193 1783 1225 1817 4.

213 1866 274 1897 Syn.
299 1866 430 1902 Lycosa
453 1867 625 1903 lignarius
648 1870 727 1896 Suml.
752 1870 812 1897 Act.
836 1870 929 1898 Holm.
957 1873 1041 1898 1852.
1064 1880 1088 1907 p.
1115 1873 1180 1898 174.

454 1916 603 1953 lignaria
631 1920 719 1946 Westr.
745 1921 805 1946 Act.
829 1919 948 1947 Gothob.
978 1923 1062 1947 1851.
1085 1929 1110 1957 p.
1136 1924 1180 1948 52.

618 1977 786 2026 [LYCOSA
813 1977 1003 2027 lignaria
1029 1978 1233 2029 (Clerck.)]

278 2082 379 2118 Hace
405 2085 561 2132 species.
588 2087 623 2122 in
654 2088 845 2136 provinciis
866 2087 1006 2123 silvosis
1034 2088 1186 2123 Sueciae
1199 2087 1369 2137 vulgariS,
1398 2085 1648 2134 arachnologis
1664 2097 1729 2120 ex—

133 2140 239 2175 ternis
257 2141 378 2190 ignota
403 2155 482 2180 esse
511 2145 659 2188 videtur,
686 2147 753 2183 nisi
777 2147 806 2183 si
834 2147 961 2183 eadem
982 2151 1051 2188 est,
1080 2159 1121 2182 ac
1136 2148 1313 2182 Lemonia
1329 2145 1454 2181 blanda
1478 2143 1612 2180 Koch.
1643 2144 1729 2192 (Die

130 2198 259 2234 Arach.
289 2201 367 2237 XV.
395 2215 426 2250 p.
455 2204 512 2239 21.
540 2204 621 2254 figg.
653 2207 746 2241 1428
765 2207 930 2251 ῇ1430),
969 2205 1067 2254 quod
1099 2212 1218 2241 tamen
1243 2204 1434 2241 verisimile
1461 2203 1602 2239 videtur
1628 2215 1726 2244 esse,

131 2258 195 2293 etsi
221 2258 411 2308 descriptio
443 2263 548 2298 maris
573 2266 652 2311 ejus
674 2277 747 2300 non
773 2265 868 2301 bene
898 2264 933 2300 in
960 2277 1095 2300 marem
1123 2265 1165 2300 L.
1195 2265 1367 2311 lignariae
1391 2262 1573 2304 convenit,
1606 2262 1666 2311 qui
1682 2262 1728 2297 ad

132 2316 289 2352 colorem
317 2330 398 2354 cum
426 2320 556 2358 femina
583 2335 656 2358 non
686 2323 873 2373 discrepat.
926 2323 1001 2372 Fig.
1034 2324 1128 2358 1429
1160 2323 1337 2372 insignem
1364 2324 1406 2359 L.
1436 2324 1610 2370 lignariae
1633 2321 1729 2357 simi-

132 2373 310 2412 litudinem
348 2390 434 2425 prae
466 2392 506 2415 se
537 2381 613 2417 fert.
644 2405 688 2409 —
715 2383 825 2419 Plane
851 2383 886 2418 in
912 2383 977 2418 hac
1011 2382 1133 2430 specie
1165 2388 1260 2418 errat
1295 2383 1487 2423 Kocnms,
1528 2393 1607 2416 eam
1639 2382 1724 2429 Lyc.

127 2434 282 2480 pullatae
307 2436 509 2482 (Clerck.¹›
548 2440 744 2487 subjiciens
772 2442 857 2487 (Die
891 2441 1047 2477 Arachn.
1076 2442 1155 2477 XV.
1185 2455 1217 2490 p.
1247 2443 1304 2477 25.
1334 2441 1416 2491 figg.
1447 2441 1726 2489 1431—1433)‚

132 2503 210 2527 cum
238 2506 306 2541 qua
333 2494 462 2531 nullam
486 2497 748 2536 similitudinem
774 2500 888 2542 habet,
917 2506 951 2537 et
972 2513 1078 2550 quam
1094 2500 1336 2550 magnitudine
1363 2500 1474 2536 multo
1502 2505 1656 2548 superat.
1693 2500 1727 2535 A

133 2548 291 2587 WALCK.
320 2552 402 2598 (Ins.
431 2555 513 2602 Apt.
541 2556 566 2591 Ι.
596 2569 627 2604 p.
653 2558 742 2607 319)
776 2560 859 2607 Lyc.
890 2562 1018 2596 sollerti
1043 2560 1279 2609 subjungitur,
1305 2559 1440 2608 speciei
1465 2559 1548 2595 mihi
1574 2561 1726 2608 ignotae,

135 2619 224 2654 quae
252 2611 334 2656 Lyc.
366 2612 518 2657 lignaria
545 2620 641 2650 certe
669 2628 741 2651 non
773 2622 836 2653 est.
877 2641 917 2646 —
958 2619 1090 2667 Figura
1131 2620 1311 2655 CLERCKII
1349 2618 1442 2654 mala
1479 2618 1624 2666 quidem
1657 2624 1723 2655 est.
