2435 3188
924 970 1285 1029 SYMBOLAE

498 1097 574 1141 AD
615 1097 728 1142 REM
770 1097 1087 1143 NUMARIAM
1127 1097 1722 1144 MUHAMMEDANORUM.

1040 1251 1168 1272 Enlnlr

574 1338 870 1372 cAnonus
903 1337 1240 1371 JOHANNES
1272 1335 1635 1370 wonlvnnne.

1039 1421 1158 1471 111.

288 1508 405 1572 Quos
447 1528 522 1574 jam
565 1527 835 1563 numismatices
877 1524 1060 1561 orientalis
1088 1523 1309 1559 amatoribus
1338 1522 1455 1558 offero
1484 1522 1668 1563 dir-hemos,
1697 1532 1763 1556 eos
1791 1532 1811 1555 e
1837 1518 1916 1555 solo

289 1584 443 1620 Sueciae
482 1586 596 1621 lectos
637 1598 734 1628 esse,
775 1598 849 1621 non
883 1597 976 1633 opus
1018 1587 1071 1619 est
1100 1594 1358 1631 praemonere;
1386 1585 1517 1616 terram
1550 1580 1646 1615 enim
1676 1582 1835 1614 nostram
1863 1577 1917 1613 his

291 1642 470 1679 thesauris
500 1656 695 1692 numquam
725 1643 1013 1680 exhauriendam
1041 1641 1145 1677 facile
1175 1640 1322 1676 dixeris.
1377 1639 1444 1676 His
1471 1638 1573 1674 aunis
1603 1637 1748 1686 quidem
1774 1641 1914 1685 postre-

289 1701 357 1737 mis
396 1715 591 1738 numorum
632 1703 832 1738 cuficorum
860 1702 1089 1737 inventorum
1118 1700 1172 1735 vis
1199 1703 1235 1735 et
1257 1699 1401 1747 pondus
1429 1711 1503 1733 non
1531 1697 1577 1732 ad
1605 1696 1775 1737 eandem,
1805 1707 1911 1744 quani

290 1764 395 1795 antea
424 1762 566 1810 experti
593 1774 729 1803 sumus,
750 1760 1032 1809 magnitudinem
1060 1762 1320 1807 perveneruut;
1346 1762 1465 1792 tamen
1492 1757 1527 1792 in
1559 1756 1638 1804 plus
1664 1753 1912 1803 septingentis,

288 1823 371 1867 post
395 1820 526 1855 editam
555 1820 701 1856 alteram
727 1819 853 1856 harum
882 1818 1133 1867 symbolarum
1163 1816 1371 1866 particulam
1399 1828 1419 1850 a
1442 1827 1500 1850 me
1525 1814 1753 1852 examinatis,
1782 1816 1833 1847 tot
1861 1811 1912 1846 inae

287 1877 371 1913 veni
412 1890 492 1914 rara
517 1884 552 1914 et
578 1879 712 1914 eximia
739 1878 925 1926 exempla,
954 1882 992 1913 ut
1015 1889 1169 1912 numero
1197 1874 1327 1922 majori
1355 1873 1523 1909 lubenter
1554 1884 1679 1908 carere.
1707 1882 1910 1919 possumus.

290 1936 610 1980 Quemadmodum
639 1938 674 1972 in
706 1937 875 1986 proxime
905 1935 1137 1984 praecedenti
1165 1933 1337 1970 fasciculo
1365 1932 1449 1974 feci,
1478 1932 1529 1968 sic
1558 1931 1615 1966 hic
1632 1941 1780 1979 quoque
1794 1927 1911 1963 numis

287 1995 404 2030 musei
434 1995 525 2044 regii
553 1995 764 2032 holmiensis
794 1995 883 2031 alios
908 1994 1086 2043 quosdam
1114 1993 1266 2041 adjunxi
1293 1991 1398 2027 valde
1426 1990 1582 2030 nobiles,
1613 2001 1721 2037 quos,
1749 1986 1911 2035 quamvis

289 2053 325 2088 in
340 2053 562 2102 praefamine
576 2054 672 2090 libri:
699 2053 832 2090 Numi
854 2053 987 2089 cufici
1016 2053 1132 2100 regii
1158 2049 1499 2098 numophylacii
1530 2045 1907 2092 holmiensis(pag.

287 2110 317 2146 L
359 2114 455 2161 sqq.)
493 2112 668 2162 inscripti⁷
708 2125 774 2149 eos
801 2112 982 2148 levissime
1018 2111 1212 2160 tetigerim,
1255 2109 1385 2158 dignos
1425 2106 1548 2147 habui,
1591 2104 1650 2153 qui
1678 2103 1818 2152 plenius
1846 2102 1908 2137 de-

289 2169 551 2213 scriberentur,
579 2183 689 2219 quum
716 2183 845 2207 omnes
872 2170 1060 2212 rarissimi,
1086 2168 1228 2218 plurimi
1256 2167 1350 2202 unici
1378 2169 1508 2201 essent.
1564 2163 1690 2211 Neque
1713 2161 1834 2196 oleum
1850 2172 1908 2194 me

287 2228 490 2276 perdidisse
531 2229 643 2265 credo
673 2229 708 2265 in
737 2230 873 2278 aliquot
895 2227 1118 2265 numismatis
1144 2232 1255 2262 aeneis
1283 2223 1442 2260 edendis.
1498 2222 1551 2257 Ea
1579 2233 1627 2256 ex
1655 2219 1751 2255 haud
1777 2219 1910 2268 exigua

285 2285 452 2322 similium
483 2287 714 2330 collectione,
742 2301 809 2336 per
835 2288 983 2337 longum
1008 2292 1152 2334 tempus
1179 2291 1214 2319 et
1240 2296 1260 2319 e
1287 2282 1394 2318 variis
1420 2280 1510 2317 locis
1529 2280 1564 2315 in
1586 2290 1752 2314 museum
1769 2277 1909 2326 regium

286 2343 488 2381 holmiense
527 2345 692 2388 collecta,
737 2346 944 2394 speciminis
983 2345 1067 2380 loco
1095 2342 1218 2392 selegi.
1272 2341 1363 2376 Nam
1392 2339 1576 2375 minimum
1605 2338 1710 2373 etiam
1739 2336 1908 2372 scientiae

287 2401 549 2439 incrementum
578 2404 710 2440 nostris
735 2404 864 2440 diebus
890 2415 1087 2452 numquam
1113 2402 1292 2450 ingratum
1320 2398 1395 2434 erit.

442 2476 750 2512 Consuetudinem
777 2480 881 2512 antea
908 2488 982 2511 non
1011 2476 1089 2511 sine
1114 2474 1309 2510 multorum
1334 2470 1513 2520 suffragiis
1531 2467 1725 2504 adhibitam
1745 2471 1907 2507 secutus,

288 2532 391 2568 locos
418 2534 567 2581 patriae,
598 2549 616 2570 e
643 2534 774 2583 quibus
801 2546 994 2569 numorum
1023 2532 1182 2568 thesauri
1210 2531 1301 2567 eruti
1328 2534 1425 2570 sunt,
1453 2530 1488 2564 in
1514 2539 1624 2562 unum
1662 2525 1846 2573 congessi,
1872 2525 1906 2559 in

1756 2585 1770 2616 1
