2435 3188
677 231 763 273 130

859 336 923 385 Sp.
954 336 986 372 6.
1039 335 1223 372 LITERA
1253 334 1284 370 V
1310 333 1591 370 INSIGNITUS.
1620 347 1652 383 p.
1682 335 1762 371 121.
1787 334 1838 371 Pl.
1868 334 1899 370 5.
1926 334 1994 370 tab.
2027 334 2081 369 16.

707 427 770 460 Syn.
793 425 946 453 Araneus
969 425 994 452 V
1020 426 1161 452 notatus
1185 424 1276 451 Clerck.
1298 433 1323 461 p.
1350 425 1413 450 123.
1437 423 1472 460 pl.
1498 427 1522 450 5.
1545 423 1599 450 tab.
1625 425 1669 451 17.

791 473 946 502 Salticus
969 473 1297 510 quinque-partitus
1320 473 1402 499 Halm.
1427 472 1476 499 Die
1499 472 1616 500 Arachn.
1640 472 1676 500 ΙΙ.
1699 482 1725 510 p.
1750 474 1795 500 41.
1817 472 1863 509 fig.
1889 474 1952 501 126.

793 523 900 551 Attus
922 521 1114 558 insignitus
1136 523 1217 549 Sund.
1241 523 1302 549 Act.
1326 521 1419 549 Holm.
1445 524 1529 549 1832.
1552 531 1577 558 p.
1601 525 1667 550 211.

792 571 975 609 Euophrys
997 570 1306 607 quinque-partita
1328 572 1406 598 Koch.
1432 570 1482 597 Die
1504 570 1622 598 Aracha.
1645 571 1722 599 XIV.
1743 580 1768 609 p.
1793 574 1839 599 27.
1862 571 1907 608 fig.
1932 573 2006 599 1296
2033 572 2078 604 (ὃ).

794 622 899 650 Attus
921 619 1120 656 insignitus
1148 621 1239 646 Westr.
1263 620 1325 647 Act.
1349 618 1468 646 Gothob.
1495 622 1578 646 1851.
1602 629 1626 657 p.
1651 624 1695 648 56.

1074 679 1226 728 [ATTUS
1254 677 1564 727 V-insignitus
1590 679 1791 731 (Clerckffl

784 795 904 830 Sexus
931 793 1039 829 ambo
1065 792 1173 841 hujus
1200 793 1335 841 speciei
1360 793 1452 828 inter
1489 805 1530 828 se
1564 793 1786 830 dissimillimi
1812 798 1907 836 sunt,
1936 792 2143 842 praesertim
2171 804 2233 827 co-

632 854 720 890 lore.
774 854 968 894 Feminam,
1001 864 1092 901 quae
1119 864 1217 888 mare
1260 864 1404 900 semper
1447 853 1563 899 major
1589 857 1657 894 est,
1696 859 1730 889 et
1756 865 1776 889 a
1804 853 1996 889 CLERCKlo
2026 856 2063 887 ut
2094 851 2236 887 diversa

633 912 774 962 species
807 911 874 948 sub
909 911 1055 946 nomine
1093 912 1157 946 Ar.
1198 912 1365 946 Vuotato
1401 912 1524 958 (quem
1552 911 1646 959 vide)
1687 911 1913 953 describitur,
1951 912 2125 948 Kocmus
2160 921 2233 945 non

635 971 820 1021 cognovit;
847 976 955 1005 maris
984 975 1103 1005 autem
1135 970 1250 1019 figura
1275 974 1309 1005 et
1335 968 1544 1017 descriptio,
1583 974 1619 1005 ut
1648 970 1743 1018 apud
1775 983 1857 1006 eum
1885 975 2042 1012 exstant,
2077 969 2232 1018 optimae

634 1035 725 1066 sunt.
779 1030 852 1078 Fig.
881 1029 984 1070 1997,
1013 1042 1119 1078 quam
1144 1036 1163 1070 εἰ
1188 1041 1274 1064 suae
1301 1029 1372 1064 Eu.
1395 1032 1588 1077 &partitae
1621 1033 1890 1076 repraesentare
1925 1029 2052 1071 credit,
2085 1027 2231 1063 omnino

636 1089 776 1124 diversa
808 1093 876 1129 est,
916 1100 1034 1136 neque
1076 1087 1142 1123 alia
1173 1100 1255 1123 esse
1291 1087 1445 1128 videtur,
1487 1100 1528 1122 ac
1562 1088 1711 1123 varietas
1747 1088 1925 1136 quaedam
1958 1091 2036 1124 Am
2063 1092 2236 1134 crucigeri

635 1147 797 1183 Walck.
827 1170 872 1175 -—
901 1148 1026 1183 Attum
1052 1153 1383 1195 quinque-partitmn
1406 1146 1569 1182 Walck.
1596 1147 1679 1193 (Ins.
1709 1147 1789 1195 Apt.
1818 1148 1841 1182 Ι.
1869 1160 1900 1195 p.
1928 1148 2017 1195 403)
2056 1147 2099 1182 Α.
2128 1151 2237 1181 V-z'n-

636 1212 760 1253 signito
786 1206 993 1254 (Clerck.)
1018 1206 1240 1254 subjungere
1272 1217 1345 1240 non
1371 1205 1499 1246 audeo,
1527 1205 1611 1240 ideo
1640 1205 1857 1254 praesertim,
1901 1205 1999 1254 quod
2041 1204 2234 1253 descriptio

625 1267 792 1314 femmae,
820 1277 926 1313 quam
953 1265 1059 1307 dedit,
1087 1265 1122 1300 in
1149 1264 1317 1300 feminam
1340 1269 1483 1300 nostrae
1511 1264 1645 1312 speciei
1672 1264 1768 1300 nullo
1787 1265 1894 1300 modo
1912 1264 2089 1300 convenit.
2127 1266 2234 1300 Attus

638 1325 811 1360 litteratas
837 1323 1004 1360 Walek.
1029 1324 1112 1371 (Ins.
1139 1324 1222 1372 Apt.
1245 1324 1269 1358 Ι.
1299 1336 1331 1371 p.
1358 1324 1446 1371 418)
1475 1328 1599 1358 contra
1627 1324 1660 1359 ei
1688 1323 1838 1359 fortasse
1880 1322 2124 1371 subjiciendus
2170 1327 2232 1359 est.

790 1424 970 1461 Abdomen
997 1426 1027 1459 in
1055 1433 1074 1465 ς
1102 1425 1182 1460 Am
1213 1430 1411 1471 v-insiguitc'
1444 1424 1641 1471 (Clerck.)
1682 1440 1781 1475 supra
1817 1425 2021 1461 cinereo-vel
2047 1425 2238 1461 rufescenti-

641 1486 784 1525 luscum,
825 1498 940 1519 versus
968 1485 1067 1519 latera
1095 1485 1449 1532 cinereo—variegatum
1476 1486 1578 1519 series
1606 1485 1704 1520 liabet
1730 1487 1760 1520 in
1790 1485 1891 1520 dorso
1921 1485 2018 1525 duas,
2052 1497 2166 1532 parum
2193 1486 2240 1519 in—

641 1551 689 1579 ter
714 1557 750 1578 se
776 1543 948 1585 distantes,
980 1556 1041 1591 per
1068 1549 1168 1577 totam
1196 1543 1263 1578 fere
1292 1543 1529 1591 longitudinem
1557 1544 1598 1579 ad
1626 1558 1721 1579 anum
1749 1544 1880 1587 ductas,
1913 1558 1930 1579 e
1958 1545 2087 1592 punctis
2113 1543 2240 1579 albido-

642 1604 781 1638 cinereis
821 1602 991 1643 formatas,
1031 1605 1118 1637 senis
1146 1604 1275 1637 circiter
1307 1603 1336 1637 in
1368 1603 1493 1651 singula
1524 1605 1624 1645 serie,
1654 1617 1793 1651 quorum
1820 1605 1841 1638 4
1870 1604 2046 1644 anteriora,
2073 1608 2147 1638 ante
2174 1615 2241 1638 me-

643 1662 730 1696 dium
761 1660 946 1696 abdominis
973 1662 1048 1704 sita,
1075 1663 1186 1710 paullo
1214 1664 1339 1709 majora
1369 1668 1459 1704 sunt,
1486 1664 1569 1698 inter
1596 1676 1632 1698 se
1659 1669 1690 1698 et
1718 1676 1734 1697 a
1761 1663 1895 1711 reliquis
1925 1663 1947 1697 8
1974 1662 2085 1710 paullo
2113 1662 2243 1710 longius

643 1721 809 1761 distantia,
843 1733 939 1767 quam
967 1720 1050 1755 haec
1076 1723 1159 1756 inter
1186 1735 1231 1757 se.
1285 1721 1397 1756 Prima
1434 1721 1499 1756 duo
1527 1722 1662 1757 lineolas
1700 1722 1861 1757 interdum
1888 1721 2033 1757 referunt
2056 1721 2244 1770 parallelas;

645 1793 746 1828 saepe
774 1786 881 1814 autem
908 1779 1005 1827 plane
1032 1780 1202 1814 obliterata
1229 1788 1303 1816 sunt
1331 1780 1417 1828 (Csr.
1443 1781 1508 1816 Ar.
1535 1780 1569 1815 V
1595 1789 1749 1816 notatum
1778 1780 1960 1830 Clerck.)
1989 1779 2140 1829 Spatium
2163 1781 2246 1815 inter

644 1839 703 1874 has
742 1839 844 1873 series
884 1838 997 1873 colore
1036 1852 1138 1886 saepe
1168 1839 1304 1875 clariore
1334 1846 1399 1881 est,
1428 1853 1525 1887 quam
1552 1841 1713 1888 reliquum
1740 1840 1838 1875 dorsi.
1891 1839 1926 1875 In
1956 1840 2112 1876 lateribus
2139 1840 2245 1876 abdo-

646 1899 756 1939 minis,
783 1898 943 1932 anteriora
971 1910 1102 1938 versus,
1130 1898 1225 1933 binae
1251 1911 1353 1946 saepe
1381 1899 1499 1933 adsunt
1515 1900 1613 1934 vittae
1632 1900 1802 1947 obliquae,
1830 1900 1927 1940 latae,
1954 1900 2058 1947 magis
2080 1900 2246 1940 cinereae,

647 1957 761 1992 colore
788 1956 882 1991 fusco
909 1956 962 1990 vel
992 1957 1086 2004 nigro
1114 1957 1314 1991 terminatae.
1345 1979 1389 1984 —
1420 1957 1509 1993 Ante
1526 1959 1638 1992 rimam
1666 1959 1841 2006 genitalem
1868 1959 2104 2006 impressiones
2131 1958 2182 1993 vel
2197 1957 2246 1993 so-

646 2016 763 2051 veolae
790 2015 874 2050 duae
905 2015 1059 2063 obliquae
1092 2020 1121 2053 Λ
1153 2029 1291 2063 parvum
1328 2015 1477 2050 formant.
1505 2038 1551 2043 —
1579 2016 1703 2065 Palpi
1742 2019 1839 2053 maris
1873 2018 1946 2065 pilis
1987 2017 2097 2052 densis
2125 2017 2248 2058 vestiti,

647 2077 678 2110 in
707 2081 800 2123 parte
815 2075 988 2121 femorali
1026 2074 1241 2116 sub-albidis,
1269 2075 1300 2109 in
1329 2074 1460 2121 reliquis
1487 2077 1635 2122 partibus
1665 2077 1779 2118 luteis,
1817 2083 1911 2124 parte
1938 2076 2084 2111 femorali
2118 2076 2250 2116 subtus,

649 2134 790 2170 tarsalis
825 2147 953 2168 summo
995 2135 1089 2182 apice
1126 2139 1158 2168 et
1192 2132 1286 2168 bulbo
1312 2134 1425 2168 inermi
1452 2133 1563 2175 nudis,
1602 2135 1712 2182 nigris.
1742 2156 1787 2161 —
1814 2133 1924 2183 Long.
1950 2136 2064 2170 maris:
2100 2134 2244 2182 5--572

649 2194 783 2233 1nillim.;
824 2193 977 2228 feminae:
1022 2192 1218 2240 &sq—7¹4
1253 2193 1373 2227 millim.
1427 2190 1578 2240 Uterque
1617 2206 1716 2228 sexus
1752 2195 1783 2228 in
1819 2192 1983 2241 Uplandia
2017 2194 2160 2241 vulgaris
2190 2199 2248 2228 est.

651 2274 695 2280 —
729 2251 804 2288 Obs.
831 2251 863 2287 V
893 2251 972 2286 illud
1010 2251 1151 2299 duplex,
1190 2251 1281 2299 quod
1313 2250 1536 2286 CLERCKIUS
1568 2252 1599 2285 in
1633 2253 1764 2287 nomine
1800 2252 1896 2299 hujus
1923 2265 2061 2287 araneae
2089 2251 2250 2293 adhibuit,

652 2311 692 2347 de
724 2312 832 2346 causis
859 2310 1111 2360 typographicis
1138 2312 1169 2345 in
1198 2309 1233 2345 V
1256 2310 1397 2358 simplex
1422 2309 1612 2344 mutandum
1639 2323 1714 2345 esse
1742 2310 1884 2352 eredidi·‚
1911 2312 1953 2345 ita
1979 2323 2113 2359 quoque
2135 2310 2250 2346 melius

650 2372 680 2405 in
709 2377 884 2417 utrumque
924 2382 1039 2404 sexum
1076 2368 1173 2404 cadet
1200 2369 1265 2404 hoc
1291 2382 1420 2404 nomen.
1473 2369 1590 2403 Maris
1616 2382 1737 2404 nomen
1769 2382 1840 2404 eam
1867 2370 1910 2404 ob
1936 2383 2067 2405 causam
2095 2369 2251 2418 praetuli,

654 2429 743 2476 quod
773 2430 800 2463 is
824 2428 925 2462 multo
953 2429 1145 2475 expressius
1177 2441 1193 2462 a
1227 2427 1421 2463 CLERCKIO
1453 2427 1604 2475 depictus
1632 2433 1696 2468 est,
1738 2440 1835 2475 quam
1872 2427 2007 2471 semina,
2037 2435 2069 2464 et
2098 2434 2249 2478 praetera

652 2487 767 2522 melius
793 2486 1022 2533 arachnologis
1049 2487 1201 2534 cognitus
1228 2492 1287 2522 est.
1340 2485 1397 2521 De
1424 2487 1528 2522 verbo
1556 2486 1723 2521 «literae»
1752 2486 1827 2522 vide
1854 2500 1886 2535 p.
1914 2486 1971 2522 64.
