2435 3188
1697 273 1749 314 21

588 576 821 613 CLASSIS
852 575 910 612 ΙΙΙ.
944 574 1082 611 NUMI
1109 573 1428 610 PEHLEVICI.

361 684 447 719 Post
473 681 604 718 editam
633 694 653 717 a
681 681 711 717 cl
764 681 1055 718 MoRDTMANNIO
1094 681 1222 718 horum
1258 682 1503 718 dirhemorum
1541 681 1807 721 recensionem,

211 755 301 792 quae
328 746 380 778 tot
402 754 443 777 ac
467 741 569 777 tantis
597 740 777 776 vetustatis
804 740 1044 776 monumentis
1071 741 1200 777 summi
1225 741 1396 777 momenti
1423 741 1553 776 claram
1579 744 1614 775 et
1645 739 1809 788 saepissi-

209 813 267 836 me
291 813 421 836 novam
449 799 597 835 affundit
620 799 752 841 lucem,
782 798 892 834 ardor
916 799 1094 834 exstitisse
1123 799 1263 836 videtur
1288 800 1488 836 laudandus
1515 799 1549 834 in
1578 797 1668 834 hanc
1685 809 1809 833 mone-

212 865 280 895 tam
308 858 519 908 inquirendi.
571 858 693 900 Viam,
723 871 830 907 quam
853 862 957 893 antea
983 857 1186 894 Olshausen
1214 863 1248 894 et
1267 859 1384 894 Krafft
1402 863 1502 894 erant
1518 856 1809 906 ingressi,saga—

209 918 296 953 citer
320 922 546 966 persecutus,
582 917 725 958 multas,
768 930 855 966 quas
882 922 1190 966 monogrammata
1218 917 1454 965 objiciebant,
1487 916 1710 952 difficultates
1735 914 1809 950 feli-

208 976 310 1018 citer,
335 981 373 1012 ut
396 976 481 1012 mihi
514 976 637 1012 saltem
664 976 818 1017 videtur,
845 975 998 1011 removit
1035 975 1089 1011 vir
1112 975 1354 1017 doctissimus,
1381 981 1415 1012 et
1440 975 1648 1011 methodum
1674 973 1807 1009 indica-

209 1035 272 1077 vit,
307 1048 399 1084 quae
426 1035 491 1071 rite
518 1035 672 1072 adhibita
701 1047 872 1071 successu
909 1047 1102 1083 numquam
1132 1034 1275 1071 carebit.
1327 1034 1432 1070 Novo
1460 1034 1566 1084 igitur
1595 1032 1722 1069 ordine
1753 1044 1808 1066 re-

206 1107 285 1129 rum
310 1094 343 1129 in
369 1094 435 1130 hac
467 1094 580 1130 classe
612 1094 825 1143 explicanda
851 1098 949 1134 nato,
978 1092 1062 1128 nihil
1088 1093 1264 1142 antiquius
1294 1093 1416 1135 habui,
1446 1105 1553 1143 qnam
1575 1097 1612 1128 ut
1627 1090 1807 1127 collectio-

211 1166 275 1189 nes
302 1158 371 1188 tam
402 1153 517 1189 musei
552 1154 640 1203 regii
671 1165 778 1202 quam
805 1152 907 1194 alias,
937 1151 1020 1187 mihi
1047 1152 1081 1188 in
1112 1152 1222 1200 patria
1262 1158 1439 1201 patentes,
1465 1165 1562 1188 novo
1588 1150 1807 1197 subjicerem

208 1212 380 1254 examini,
414 1225 492 1248 eam
522 1225 627 1261 quam
653 1212 841 1261 proposuit
865 1210 1137 1247 Mordtmannus
1163 1224 1326 1247 normam
1342 1216 1553 1253 tentaturus,
1570 1215 1607 1247 ut
1630 1210 1665 1246 in
1690 1208 1807 1244 studio

206 1271 396 1307 laetissime
435 1271 600 1314 excitato,
628 1271 658 1307 si
687 1270 824 1312 liceret,
859 1270 1008 1306 obolum
1034 1270 1139 1306 etiam
1173 1283 1293 1307 meum
1321 1271 1610 1320 qualemcunque
1636 1267 1805 1304 scientiae

207 1330 388 1366 adderem.

354 1419 532 1455 Numerus
560 1419 740 1467 ejusmodi
768 1432 959 1455 mimorum
987 1420 1020 1455 in
1049 1420 1177 1455 Svecia
1198 1424 1344 1456 exstans
1374 1419 1571 1455 admodum
1598 1431 1730 1467 parvus
1757 1418 1807 1453 vi-

207 1479 325 1520 detur,
366 1491 438 1514 non
476 1485 618 1514 centum
647 1478 848 1520 excedens,
877 1478 1104 1514 nihilominus
1132 1492 1202 1514 non
1232 1479 1528 1515 contemnendus.
1580 1478 1668 1514 Nam
1700 1476 1807 1512 multa

206 1538 240 1574 in
267 1538 309 1573 iis
343 1544 484 1573 exstant
511 1537 694 1586 exempla,
724 1537 853 1586 quibus
880 1537 971 1573 liber
1005 1537 1246 1574 Mordtmanni
1274 1543 1385 1580 caret,
1416 1542 1465 1580 et,
1494 1550 1604 1587 quum
1631 1548 1758 1572 omnes
1786 1548 1806 1570 e

206 1603 299 1633 terra
326 1596 477 1633 Sueciae
505 1596 574 1632 sint
604 1596 759 1637 collecti,
785 1596 875 1632 sines
903 1609 1049 1646 quoqne
1074 1597 1164 1633 intra
1193 1610 1280 1646 quas
1308 1597 1405 1633 numi
1435 1597 1609 1646 pehleviei
1633 1596 1668 1631 in
1690 1595 1806 1630 Scan—

207 1656 345 1692 dinavia
379 1655 510 1704 reperti
541 1655 897 1697 circumscribuntur‚
936 1656 981 1691 ita
1009 1656 1260 1692 determinatas
1284 1656 1458 1692 videmus.
1510 1656 1631 1692 Primo
1661 1654 1804 1704 quidem

210 1714 347 1750 obtuitu
383 1714 502 1763 inopia
540 1727 667 1750 eorum
701 1713 971 1750 admirationem
1000 1727 1149 1750 movere
1176 1719 1302 1764 potest.
1355 1714 1587 1751 Notissimum
1615 1714 1708 1750 enim
1738 1718 1806 1753 est,

209 1773 300 1809 hanc
328 1774 515 1822 pecuniam
540 1775 614 1821 jam
641 1773 725 1809 inde
753 1786 773 1809 a
801 1773 1024 1822 temporibus
1051 1773 1180 1809 abhinc
1205 1773 1313 1824 longe
1337 1774 1483 1810 remotis
1515 1787 1535 1810 e
1560 1778 1654 1809 terra
1685 1776 1806 1809 nostra

209 1832 429 1869 multifariam
467 1833 609 1881 saepius
649 1831 758 1868 fuisse
791 1838 937 1869 erutam.
988 1833 1031 1869 Ut
1068 1833 1276 1882 exemplum
1314 1833 1476 1874 afferam,
1503 1837 1650 1868 auctore
1675 1832 1808 1867 idoneo

216 1892 307 1934 scio,
331 1898 412 1928 ante
439 1891 506 1927 hos
532 1891 652 1937 viginti
677 1903 790 1927 annos
816 1891 917 1940 plura
944 1892 1049 1928 millia
1073 1892 1150 1928 talis
1172 1897 1339 1928 monetae
1365 1892 1400 1927 in
1428 1891 1604 1928 Oelandia
1631 1903 1700 1926 una
1727 1902 1809 1924 esse

209 1956 359 1999 reperta.
413 1952 536 2000 Itaque
574 1950 811 1998 infrequentia
851 1963 978 1986 eorum
1016 1950 1191 1987 hodierna
1216 1963 1263 1987 ex
1291 1951 1357 1987 alia
1385 1963 1511 1986 caussa
1537 1963 1642 1999 quam
1669 1949 1808 1984 raritate

209 2010 380 2058 explicari
423 2009 540 2045 debet.
593 2009 682 2044 Rem
712 2009 796 2045 mihi
832 2010 960 2045 videor
997 2011 1048 2046 sic
1082 2023 1191 2059 posse
1219 2010 1404 2059 expedire.
1460 2009 1652 2044 Maximam
1680 2007 1807 2043 horum

211 2081 401 2104 numorum
450 2069 676 2104 inventorum
719 2074 853 2117 partem
892 2081 911 2105 e
951 2069 1070 2105 frustis
1111 2069 1285 2105 contineri
1326 2074 1478 2109 constat,
1518 2081 1625 2117 qnae,
1668 2071 1704 2102 ut
1730 2078 1810 2101 mos

214 2127 395 2176 quondam
435 2126 512 2168 fuit,
553 2134 732 2175 tamquam
771 2126 873 2176 pretii
901 2127 975 2163 fere
1003 2128 1131 2164 nullius
1167 2129 1249 2175 igne
1279 2128 1443 2163 damnata
1473 2126 1644 2175 peribant.
1699 2125 1808 2161 Pauci

210 2186 320 2221 modo
347 2186 457 2222 illaesi
485 2186 581 2234 digni
610 2185 846 2229 habebantur,
875 2187 934 2235 qui
959 2186 992 2222 in
1021 2187 1153 2223 muscis
1181 2176 1489 2222 conservarentur.
1530 2184 1661 2220 Nostro
1689 2188 1807 2220 autem

209 2258 298 2281 aevo
327 2245 479 2280 mininae
503 2245 607 2280 etiam
632 2244 737 2292 hujus
764 2246 907 2295 generis
933 2246 1120 2295 reliquiae,
1149 2245 1178 2280 si
1206 2245 1290 2294 quid
1318 2245 1362 2280 ad
1391 2257 1537 2280 numum
1565 2243 1809 2279 deliniendum

208 2304 388 2340 sufficiens
415 2303 603 2345 retineant,
631 2316 771 2339 summa
796 2317 876 2340 cum
906 2317 992 2340 cura
1016 2309 1050 2340 et
1076 2304 1252 2353 religione
1279 2303 1536 2339 custodiuntur.

360 2394 517 2429 Dirlzemi
534 2395 700 2443 pehlevici
722 2395 757 2430 in
783 2394 913 2430 Suecia
940 2395 1021 2431 lecti
1044 2408 1116 2431 non
1143 2407 1251 2443 supra
1278 2398 1429 2430 aetatem
1458 2392 1637 2429 Khusravi
1664 2394 1694 2428 11
1724 2393 1808 2428 Par-

208 2450 277 2486 vizi
312 2451 347 2486 in
371 2464 505 2501 genere
533 2452 771 2494 adscendunt,
801 2458 835 2488 et
862 2466 907 2489 eo
932 2454 1019 2489 fiunt
1045 2453 1306 2503 frequentiores
1335 2466 1407 2502 quo
1435 2452 1625 2501 propiores
1656 2451 1808 2487 Islamis-

211 2509 258 2545 mi
284 2515 364 2546 sunt
389 2511 620 2558 temporibus.
673 2511 766 2546 Hinc
802 2511 932 2547 factum
971 2517 1040 2554 est,
1071 2517 1105 2548 ut
1131 2513 1341 2548 numismata
1367 2511 1623 2547 Taberistanae
1649 2510 1717 2546 sint
1741 2522 1806 2545 nu-

210 2568 460 2604 merosissima.
513 2569 660 2604 Librum
689 2572 941 2606 sslordtmamzii
979 2570 1146 2606 omnibus
1179 2576 1302 2607 notum
1328 2583 1482 2619 ponens,
1513 2582 1578 2605 eos
1606 2567 1717 2604 modo
1745 2567 1807 2603 de-

210 2625 363 2661 scribam
391 2638 535 2667 numos,
564 2639 656 2675 quos
679 2627 729 2663 ibi
751 2640 822 2663 non
850 2628 979 2664 inveni.
