2435 3188
1621 261 1701 302 153

254 373 312 420 Sp.
340 370 446 406 2024.
498 369 565 404 Ar.
593 365 808 402 VIATICA.
838 377 870 412 p.
898 365 980 399 492.
1013 387 1057 391 —
1087 369 1115 400 S.
1143 369 1176 400 N.
1201 368 1252 401 Ed.
1280 367 1327 399 ⁴0.
1352 379 1376 410 p.
1404 369 1472 400 6923.
1496 380 1537 412 sp.
1552 369 1606 408 363
1635 369 1683 401 Ed.
1706 370 1753 402 42.

498 441 524 473 p.
550 429 636 461 4036.
659 439 701 471 sp.
728 429 774 459 43.

235 500 295 533 Sy-n.
321 499 470 525 Araneus
494 496 661 523 cristatus
683 496 775 521 slew-k.
799 496 881 521 Arnn.
904 493 972 521 Suev
1007 503 1031 530 p.
1060 496 1122 520 1:10.
1146 493 1181 529 pl.
1207 496 1231 520 6.
1257 492 1311 519 tab.
1337 496 1361 520 6.

379 551 443 582 Cet.
469 550 530 581 vid.
555 560 624 590 pag.
654 549 718 579 134.

607 609 814 658 [errlcus
839 607 1059 644 cristatus
1084 605 1290 657 (Clerck.)]

305 738 391 774 Sine
418 736 487 772 ulla
510 735 730 771 dubitatione
759 735 851 772 hanc
878 735 1038 784 speciem
1067 736 1112 771 X.
1141 741 1284 771 cristato
1309 734 1503 784 subjungo,
1533 739 1570 770 ut
1596 734 1759 771 fecerunt

157 800 257 837 etiam
286 796 447 847 plerique
476 793 715 844 arachnologi.
769 795 927 832 WALCK.
955 807 1043 830 vero
1069 794 1105 830 id
1139 806 1212 830 non
1239 792 1384 842 probat,
1428 806 1507 829 eam
1547 793 1757 842 praesertim

159 859 206 896 ob
232 868 383 897 causam,
423 853 520 903 quod
562 853 757 890 LlNNAEUS
789 854 824 890 in
852 866 1062 902 synonyma
1086 853 1132 889 Α.
1160 859 1306 889 viaticae
1331 852 1376 887 ad
1409 862 1431 888 t.
1457 859 1486 888 6.
1503 854 1545 900 f.
1571 856 1601 889 5.
1629 852 1696 902 (Pl.
1722 854 1754 889 6.

156 917 223 954 tab.
255 916 294 964 5)
322 912 442 962 operis
470 913 648 949 CLERCKII
677 912 918 954 revocaverit,
954 925 1046 961 quae
1083 911 1203 947 tabula
1226 913 1272 947 A.
1301 917 1432 946 vatium
1468 911 1655 960 exprimat,
1682 924 1756 948 non

156 987 241 1012 vero
266 976 312 1011 A.
339 978 529 1009 cristatum.
581 972 631 1007 At
645 974 686 1020 f.
711 975 733 1009 5
760 984 825 1020 pro
838 973 879 1019 f.
909 978 928 1007 6
955 970 1126 1006 mendum
1151 969 1348 1018 scripturae
1376 969 1472 1006 haud
1497 970 1605 1006 dubie
1630 975 1692 1007 est.
1713 994 1752 999 —

157 1034 215 1070 DE
241 1034 406 1073 Grzmzus,
434 1043 622 1080 perperam
643 1044 738 1073 sane,
765 1033 811 1067 A.
829 1037 990 1067 zxz'aticam
1004 1042 1091 1065 suae
1109 1031 1177 1066 Ar.
1196 1031 1548 1078 fusco-marginatae
1561 1029 1758 1078 subjunxit.

260 1178 319 1226 Sp.
348 1176 456 1212 2025.
510 1177 577 1212 Ar.
607 1174 819 1211 LEVIPES.
844 1187 876 1223 p.
906 1174 988 1209 492.
1017 1197 1062 1201 -
1089 1177 1116 1209 s,
1142 1178 1174 1209 N.
1204 1177 1253 1209 Ed.
1280 1177 1327 1209 40.
1355 1188 1381 1221 p.
1406 1177 1474 1208 (m.
1499 1187 1542 1221 sp.
1569 1178 1622 1218 373
1642 1177 1754 1210 Em

514 1251 538 1282 p.
565 1239 653 1271 4037.
679 1250 721 1282 sp.
751 1238 798 1269 44.

234 1308 295 1340 Syn.
320 1308 473 1334 Araneus
497 1305 746 1342 margaritatus
769 1306 861 1331 clm-sle.
888 1306 969 1331 Aram.
993 1305 1067 1330 Suco.
1092 1312 1116 1339 p.
1145 1304 1207 1329 130,
1226 1300 1262 1338 pl.
1288 1305 1311 1328 s).
1335 1302 1389 1330 tab.
1415 1306 1447 1330 3..

380 1361 445 1392 Cet.
470 1361 532 1392 vid.
555 1371 627 1403 pag.
655 1360 721 1391 133.

557 1420 768 1470 [ARTAMUS
797 1417 1118 1467 margaritatus
1144 1416 1348 1467 (Clerclc.)]

302 1531 359 1567 De
387 1529 453 1566 hac
476 1529 598 1578 specie
627 1529 791 1565 videatur
817 1541 849 1577 p.
883 1528 961 1563 133.

157 1743 322 1796 Species
350 1741 624 1792 Aramarmn7
661 1756 762 1795 quae
799 1744 840 1783 in
876 1743 1009 1782 Faun.
1046 1739 1164 1781 Suee.
1194 1739 1272 1780 Ed.
1301 1738 1346 1780 2.
1375 1751 1454 1780 non
1483 1741 1758 1792 inveniuntur,

309 1814 382 1856 sed
409 1817 451 1855 in
480 1814 556 1855 Ed.
586 1814 656 1855 12.
687 1814 794 1868 Syst.
825 1815 919 1856 Nat.
949 1817 992 1854 ut
1021 1815 1207 1854 suecicae
1238 1812 1465 1865 descriptae
1493 1816 1608 1854 sunt:

261 1940 319 1989 sp.
349 1940 381 1976 5.
435 1941 501 1976 Ar.
530 1938 956 1976 ooro-PUNCTATA.
984 1951 1017 1987 p.
1047 1939 1152 1975 1030.

309 2026 412 2061 Hane
446 2025 599 2061 eandem
632 2038 728 2067 esse,
764 2029 871 2075 atque
906 2026 953 2061 A.
983 2024 1201 2061 onemhaim
1228 2025 1296 2072 (sp.
1328 2021 1422 2057 1995
1449 2021 1485 2058 in
1510 2021 1622 2057 Faun.
1650 2021 1754 2057 Suec.

161 2084 226 2120 Ed.
258 2084 297 2131 2)
322 2097 369 2120 ex
399 2084 638 2133 descriptione
663 2089 828 2134 apparet:
858 2084 946 2119 «Ar.
972 2083 1148 2119 abdomine
1169 2082 1377 2118 subrotmzdo
1392 2083 1508 2129 flavo:
1538 2080 1758 2127 stigmatibus

163 2150 318 2192 utrinque
341 2153 489 2192 quatuor
514 2150 635 2190 nigris,
661 2159 726 2179 ano
747 2146 839 2189 rufo.
870 2165 915 2170 —
943 2142 1094 2178 Habitat
1107 2149 1142 2178 in
1165 2143 1290 2178 Suecia
1316 2148 1384 2176 rete
1408 2140 1609 2175 horizontali
1629 2154 1758 2186 geome-

163 2208 254 2238 trico.
312 2202 446 2252 Corpus
468 2203 643 2252 pallidum
668 2212 806 2252 excepto
832 2202 1015 2238 abdomine.

265 2345 343 2395 (sp.
373 2348 428 2382 10.
480 2348 546 2384 Ar.
575 2347 843 2383 3-L1NEATA.
874 2359 906 2395 p.
938 2345 1042 2381 1031.

313 2431 453 2467 Eadem
493 2436 555 2474 est,
591 2445 684 2482 quae
723 2432 760 2468 in
792 2430 1040 2481 superioribus
1075 2428 1230 2465 Edition.
1266 2429 1313 2465 A.
1342 2428 1470 2464 lineata
1497 2427 1624 2477 (Faun.
1654 2427 1759 2464 Suec.

168 2488 232 2524 Ed.
256 2489 288 2526 2.
317 2502 349 2538 p.
379 2491 460 2527 487.
486 2503 539 2539 sp.
567 2491 681 2539 2001)
707 2494 866 2526 vocatur.
919 2489 1009 2526 Nihil
1030 2489 1097 2525 nisi
1124 2500 1259 2524 nomen
1284 2490 1482 2536 mutatum.)

1568 2630 1617 2665 20
