2435 3188
1641 281 1722 322 37⁴3

318 389 429 428 Quum
457 390 488 424 in
518 388 662 437 podetiis
689 388 811 423 nullum
840 387 927 423 aliud
957 387 1042 423 adsit
1071 392 1207 422 stratum
1224 387 1379 422 corticale
1406 387 1459 422 vel
1488 387 1653 435 gonidiale
1680 394 1778 436 atque

167 449 290 484 haecce
320 463 442 497 organa
470 450 532 484 sint
560 447 955 495 adpresso-verruculosa
987 453 1019 482 et
1046 446 1181 494 podetia
1208 446 1355 494 undique
1386 447 1547 495 tegentia,
1575 446 1668 481 facile
1696 459 1776 494 pos-

166 515 241 543 sunt
269 522 329 556 pro
357 508 455 543 nihilo
481 507 594 542 haberi
622 509 683 542 nisi
711 507 794 543 haec
827 512 925 541 strata
955 506 1324 541 rimuloso-verrncosa.
1381 504 1493 543 Quum
1521 511 1630 540 autem
1654 519 1671 540 a
1701 506 1776 541 Ste-

166 568 397 602 reocmdorum
425 566 654 615 phyllocladiis
682 567 768 601 nullo
797 566 860 600 alio
889 565 990 600 modo
1019 564 1182 605 differant,
1211 577 1308 611 quam
1343 564 1434 612 quod
1462 565 1590 599 illorum
1618 565 1732 599 ramuli
1760 578 1776 599 a

164 633 267 662 strato
295 626 439 661 corticali
467 630 499 660 et
523 625 678 672 gonidiali
708 626 784 660 tecti
813 625 929 659 melius
957 630 1032 659 sunt
1068 624 1190 658 evoluti
1219 629 1252 658 et
1280 624 1350 671 ipsa
1380 623 1603 674 phyllocladia
1630 638 1702 659 eam
1732 624 1776 658 ob

163 700 314 721 caussam
343 685 505 733 praebent
537 684 674 719 sormam
712 683 998 725 corallinoideam‚
1029 683 1276 730 squamnlosam
1304 696 1332 717 e.
1363 697 1387 718 s.
1418 697 1467 731 p.‚
1501 697 1566 718 non
1594 696 1775 731 possumus

164 758 229 780 non
257 745 316 780 lias
343 757 498 779 verrucas
526 757 588 792 pro
617 743 846 792 pliyllocladiis
877 744 911 789 (i.
941 756 969 778 e.
997 742 1130 777 ramulis
1159 747 1260 776 strato
1289 742 1435 776 corticali
1451 748 1483 777 et
1497 742 1652 789 gonidiali
1675 755 1775 790 prae-

165 804 351 839 dominante
380 804 491 850 tectis)
521 816 636 850 parum
667 802 808 837 evolutis
838 802 971 837 habere.
1036 800 1133 839 Quae
1159 815 1213 836 res
1238 814 1279 836 eo
1308 814 1444 849 quoque
1470 801 1656 842 affirmatur,
1683 801 1774 849 quod

162 863 204 898 ad
229 864 320 898 basin
349 861 560 910 podetiorum
588 862 700 896 similia
726 875 861 909 semper
887 861 1007 896 adsunt
1032 861 1177 908 granula,
1205 861 1338 895 omnino
1358 867 1392 895 ut
1406 859 1627 909 phyllocladia
1659 861 1774 895 melius

163 923 294 958 evoluta
322 921 411 969 apud
434 920 674 955 Stereocaulon
701 921 943 956 condensatum
971 926 1004 956 et
1031 919 1239 954 cereolmmn.

308 1013 560 1048 CEPHALODIA
587 1017 669 1048 sunt
691 1011 933 1061 subglobosa,
959 1011 1072 1061 magis
1100 1011 1263 1047 minusve
1293 1022 1443 1060 rugosa,
1470 1010 1506 1046 in
1534 1008 1690 1058 podetiis
1718 1009 1774 1044 vel

162 1072 208 1109 ad
234 1071 336 1108 basin
363 1083 491 1107 eorum
516 1070 589 1107 sita.

309 1162 538 1197 Apornncm
564 1159 599 1195 in
626 1158 787 1208 apicibus
812 1171 996 1195 ramorum
1021 1164 1103 1195 sunt
1137 1158 1218 1201 sita,
1251 1159 1361 1209 vulgo
1398 1158 1555 1195 solitaria
1579 1158 1637 1194 vel
1666 1158 1773 1195 ramis

161 1220 332 1257 brevibus
359 1224 394 1256 et
420 1218 590 1255 confertis
619 1223 827 1268 aggregata,
862 1218 956 1254 intus
982 1217 1113 1260 solida,
1142 1217 1304 1268 margine
1330 1218 1499 1254 subnullo
1527 1217 1656 1261 cincta,
1684 1230 1772 1254 mox

160 1279 329 1330 globosa3
357 1279 477 1315 discus
499 1279 575 1326 jam
603 1277 764 1327 primitus
792 1289 992 1319 convexus,
1020 1276 1217 1313 aterrimus.

309 1371 400 1408 Asel
427 1370 599 1420 elongati,
630 1370 770 1412 clavati,
800 1370 975 1419 coryzina
1008 1370 1192 1411 evidentc;
1228 1382 1359 1419 sporae
1391 1375 1562 1412 octonae,
1599 1368 1771 1409 luteolae,

159 1430 355 1479 simplices;
393 1428 617 1479 paraphyses
656 1429 759 1479 apice
797 1428 1016 1465 incrassatae
1047 1434 1083 1466 et
1117 1428 1632 1479 coerulescenti-nigricantes‚
1675 1431 1772 1463 arcte

159 1489 432 1540 conglutinatae.

308 1563 592 1599 SPERMOGONIA
619 1561 735 1610 nigra,
784 1562 1002 1598 Verrncariz's
1036 1561 1177 1604 similia,
1218 1560 1346 1597 ultimis
1388 1572 1570 1597 ramorum
1612 1558 1772 1608 apicibus

158 1623 276 1665 affixa,
304 1623 492 1658 innumera
518 1620 710 1669 spermatia
731 1620 876 1663 luteola,
906 1620 1053 1657 curvula
1077 1620 1304 1656 includentia.

307 1694 396 1730 Tres
424 1694 524 1729 modo
552 1693 661 1728 adhuc
680 1695 834 1742 cognitae
851 1700 925 1730 sunt
942 1696 1085 1742 species,
1115 1707 1134 1729 e
1162 1695 1282 1742 quibus
1308 1693 1393 1728 duae
1419 1691 1612 1727 Americam
1636 1695 1769 1737 septen—

160 1755 338 1795 trionalem,
368 1755 459 1789 tertia
488 1752 706 1800 Norvegiam,
735 1753 890 1787 incolunt.
946 1752 1035 1788 Saxa
1063 1754 1220 1801 granitica
1245 1753 1365 1799 irrigua
1393 1764 1502 1786 amare
1530 1750 1690 1785 videntur.
1722 1770 1770 1774 —

159 1813 214 1849 Ex
245 1813 293 1848 his
321 1815 453 1861 species
480 1814 585 1860 prima
613 1826 697 1847 anno
723 1811 955 1847 MDCCCIII
983 1818 1034 1848 est
1060 1813 1101 1847 ab
1129 1811 1311 1847 AGRARIO
1340 1811 1506 1858 descripta
1536 1818 1569 1845 et
1594 1822 1657 1857 pro
1690 1807 1770 1843 Cla—

161 1874 278 1908 domae
317 1876 449 1920 species
487 1872 613 1913 habita,
655 1871 801 1906 secunda
832 1870 1171 1907 MDCCCXLVIII
1203 1884 1220 1905 a
1256 1869 1507 1906 TUCKERMAN
1543 1869 1605 1904 sub
1638 1868 1769 1903 nomine

160 1933 316 1979 generico
345 1931 570 1973 Stereoeaultss,
604 1932 695 1966 tertia
731 1930 875 1978 denique
907 1944 992 1966 anno
1019 1931 1198 1979 praeterito
1227 1944 1244 1964 a
1271 1931 1385 1972 nobis,
1419 1931 1474 1977 qui
1500 1930 1531 1963 in
1557 1941 1664 1976 genus
1691 1939 1769 1974 pro-

160 1993 265 2039 prium
292 1991 351 2027 has
377 1992 506 2039 plantas
533 1991 746 2038 sejunximus.

682 2099 720 2139 1.
782 2100 827 2138 Ρ.
861 2099 1044 2137 robustus
1076 2097 1151 2138 Th.
1186 2097 1249 2137 Fr.

307 2202 343 2237 P.
370 2200 524 2250 podetiis
551 2199 742 2249 elongatis,
775 2197 949 2239 robustis,
984 2196 1395 2246 caespitoso-confertis,
1428 2196 1520 2232 intus
1548 2195 1663 2244 primo
1692 2206 1768 2230 ara-

163 2259 421 2301 neoso-farctis,
451 2259 533 2295 dein
561 2257 738 2299 fistulosis,
775 2255 1011 2305 (simplicibus
1039 2256 1078 2305 l.)
1108 2255 1247 2304 apicem
1276 2268 1402 2291 versus
1428 2255 1462 2290 in
1489 2267 1610 2290 ramos
1637 2254 1768 2289 breves

164 2317 237 2353 sere
280 2318 631 2359 u1nbellato-divisis;
678 2316 929 2365 phyllocladiis
969 2314 1481 2364 verruculoso-squamulosis,
1521 2313 1766 2349 vidirescenti-

165 2376 328 2419 cinereis;
355 2376 573 2426 cephalodiis
600 2375 931 2425 ferrugineo-rufis;
967 2373 1165 2422 apotheciis
1194 2373 1365 2410 confertis
1392 2373 1411 2409 l.
1441 2372 1623 2413 solitariis,
1666 2371 1766 2407 disco

166 2434 306 2470 demum
330 2435 665 2472 rotundato-lobato
692 2439 727 2470 et
754 2432 1186 2483 depresso-subgloboso.

313 2520 408 2569 Syn.
437 2523 478 2556 P.
508 2522 662 2558 robustus
690 2523 758 2559 ΤΗ.
786 2524 853 2560 FR.
885 2524 1017 2559 Comm.
1049 2538 1079 2572 p.
1110 2525 1169 2559 41.

312 2591 396 2639 Fig.
423 2591 507 2627 Tab.
537 2608 566 2628 n.
596 2595 637 2629 X.
662 2595 680 2629 f.
707 2596 738 2630 3.

316 2661 408 2697 Exs.
439 2661 503 2697 ΤΗ.
532 2663 597 2698 FB.
624 2663 664 2698 L.
691 2664 814 2700 Scand.
846 2665 922 2700 fasc.
956 2663 981 2699 I.
1012 2663 1133 2712 (ined.)
