2435 3188
1640 243 1718 285 119

174 358 330 404 apparet,
364 355 399 390 in
426 368 496 404 qua
522 355 612 391 haec
638 354 818 404 leguntur:
854 353 991 403 «pedes
1020 352 1055 388 in
1090 351 1222 387 femina
1261 349 1474 386 immaculati
1501 350 1556 385 vel
1584 350 1772 387 obsoletis-

173 414 264 450 sime
291 414 614 463 nigro-maculati.»
665 413 969 450 WALCKENAERH
1001 423 1148 461 quoque
1172 411 1215 446 L.
1236 410 1438 459 paludicola
1466 408 1550 455 (Ins.
1577 410 1659 457 Apt.
1687 410 1711 445 1.
1740 423 1772 458 p.

175 473 265 522 333)
294 472 376 509 huic
391 472 628 509 verisimiliter
653 475 707 508 est
735 471 974 520 subjicienda:
1002 471 1044 506 L.
1070 470 1165 506 enim
1180 471 1407 517 fumigatam
1434 472 1472 503 ut
1498 468 1674 503 diversam
1693 481 1774 517 spe-

174 531 266 567 ciem
291 532 442 580 recepit3
474 543 689 581 quamquam
715 530 751 566 id
779 543 851 567 non
879 542 1046 580 magnum
1072 533 1126 565 est
1150 531 1410 578 argumentum,
1438 538 1548 575 quum
1577 525 1668 562 hanc
1695 540 1775 575 spe-

174 590 265 627 eiem
289 603 363 626 non
390 591 607 640 cognovisse
632 589 803 631 videatur,
828 589 1027 626 secundum
1053 588 1204 624 aliorum
1219 586 1480 635 descriptiones
1495 597 1574 621 eam
1590 585 1773 622 definiens.

174 650 260 698 Lyc.
286 650 551 701 (Leimoniam)
587 655 725 696 nigram
754 648 896 685 Koch.
951 649 994 685 A.
1014 648 1235 697 paludicolae
1271 645 1492 694 subjungere
1527 657 1598 680 non
1637 644 1775 687 audeo,

174 721 285 758 quum
315 709 435 744 omnia
461 709 593 758 pedum
620 707 820 744 internodia
847 706 1134 756 nigro-annulata
1161 705 1296 742 habere
1325 705 1477 746 dicatum
1506 703 1605 752 quod
1639 703 1674 738 in
1712 716 1776 738 no-

174 771 281 803 stram
309 768 468 816 speciem
494 780 566 804 non
595 765 770 802 convenit.
802 789 846 795 —
877 768 980 811 Quae
1007 765 1148 815 species
1175 778 1195 801 a
1222 765 1377 801 Kocfflo
1405 762 1491 812 (Dic
1519 761 1674 798 Araclm.
1696 762 1774 798 XV.

173 839 206 875 p.
239 828 293 863 10.
323 827 404 876 figg.
438 826 697 875 1421-1422)
727 825 873 861 nomine
904 825 1117 861 Clerckiano
1151 825 1194 860 L.
1214 824 1417 874 paluclz‘cola
1450 826 1607 864 vocatur,
1649 821 1777 857 eadem

174 890 237 928 est,
266 890 373 935 atque
401 887 443 922 A.
465 894 658 921 amentatus
686 884 874 927 Clerck.;
903 897 1022 933 neque
1045 883 1188 920 difficile
1203 889 1257 919 est
1269 882 1486 932 perspicere,
1514 881 1655 917 Kocnn
1671 881 1716 916 de
1732 881 1775 916 Α.

166 946 368 994 paludicola
397 944 603 993 opinionem
630 943 751 979 falsam
780 956 870 979 esse.
926 943 1131 992 Descriptio
1149 943 1244 978 enim
1268 940 1577 991 cephalothoracis
1604 944 1638 976 et
1665 938 1761 975 abdo

173 1004 277 1040 minis
304 1003 399 1052 apud
429 1004 651 1039 CLERCKlUM
678 1002 767 1038 haec
792 1008 862 1039 est:
891 1004 1045 1038 «Pectus
1066 1009 1215 1049 nigrum,
1245 1005 1401 1042 ovatum,
1431 1000 1592 1049 planum:
1623 997 1779 1034 anterius

173 1062 306 1113 gracile
337 1069 371 1098 et
399 1062 611 1103 cai-inanum
638 1062 817 1110 posterius
845 1061 952 1097 latum
981 1066 1016 1098 et
1042 1061 1195 1110 planum,
1213 1062 1364 1110 pilisque
1390 1066 1503 1107 nigris
1525 1059 1715 1094 abundans.
1732 1078 1778 1084 —

173 1122 290 1158 Alvus
317 1126 429 1163 ovata,
459 1127 573 1168 nigra,
601 1122 746 1156 multum
766 1123 892 1170 pilosa.
947 1122 1084 1157 Facula
1111 1121 1317 1169 szffuscula‚
1345 1134 1430 1167 quae
1456 1124 1606 1153 marium
1634 1126 1778 1166 pectora

173 1196 290 1217 versus
313 1180 487 1221 exstabat,
514 1187 549 1216 ’ἰη-
572 1186 700 1229 paucis
726 1182 897 1228 foeminis
920 1190 1063 1230 poterat
1085 1187 1213 1215 cerni.»
1267 1180 1408 1225 Figura
1435 1190 1582 1227 quoque
1608 1178 1650 1211 A.
1672 1176 1778 1225 palu-

174 1241 301 1276 dicolae
324 1239 515 1287 imaginem
543 1252 694 1275 araneae
719 1240 887 1288 exprimit
911 1244 1007 1276 totae
1033 1238 1288 1288 nigro-fuscae,
1317 1237 1471 1286 pedibus
1498 1249 1570 1272 non
1594 1234 1775 1270 annulatis.

174 1301 223 1336 At
251 1301 294 1336 L.
313 1300 514 1349 palmlicola
546 1298 683 1334 Koch.
724 1298 1062 1348 cephalothoracem
1107 1297 1428 1334 olivaceo-fuscum
1468 1295 1604 1332 habere
1643 1293 1779 1335 dicitur,

173 1360 255 1395 vitta
282 1358 415 1394 dorsali
444 1358 760 1400 cinereo-flaventi,
792 1359 905 1407 pedes
920 1359 1033 1394 dense
1049 1357 1245 1398 annulatos,
1270 1356 1453 1392 abdomen
1478 1354 1779 1391 cinereo-ssavens

174 1423 239 1454 cet.
271 1440 315 1445 ——-
346 1417 492 1453 omnino
521 1421 557 1453 ut
583 1417 618 1452 in
635 1418 677 1453 A.
700 1426 872 1453 amentato
898 1417 1070 1453 Clerck.
1098 1417 1144 1466 pl.
1160 1418 1192 1452 4.
1210 1416 1278 1452 tab.
1297 1417 1328 1451 S.
1350 1416 1406 1464 sig.
1423 1415 1456 1450 2.
1510 1414 1544 1449 A
1565 1414 1623 1449 DE
1645 1414 1779 1449 Gamo

174 1490 321 1526 quoque
347 1478 391 1513 L.
419 1486 613 1513 amentatae
639 1476 848 1523 (Clerck.)
875 1476 965 1527 (Ar.
996 1478 1141 1513 littorali
1166 1476 1229 1511 De
1257 1476 1406 1523 Geer.)
1444 1485 1633 1522 perperam
1670 1471 1781 1518 subji-

174 1537 264 1572 citur
289 1538 331 1572 Α.
353 1537 565 1586 paluclicola.
595 1558 643 1564 —
672 1535 806 1571 Veram
834 1536 879 1571 L.
898 1537 1136 1585 paludicolam
1164 1534 1376 1583 (Clerck.)
1418 1532 1542 1581 paucis
1572 1530 1779 1567 describere

175 1595 257 1632 utile
283 1595 435 1631 fortasse
462 1597 535 1631 erit.

323 1723 476 1759 LYCOSA
502 1724 704 1772 paludicola
731 1722 940 1772 (Clerck.)
963 1745 1007 1750 —
1035 1723 1147 1773 Long.
1172 1724 1270 1759 8-9
1286 1722 1367 1758 mill.
1390 1724 1460 1770 (2);
1484 1720 1582 1756 7-8
1601 1719 1681 1755 mill.
1699 1719 1775 1765 (Θῆ).

255 1812 319 1846 Syn.
345 1811 405 1838 vide
427 1821 515 1848 supra.

323 1882 563 1933 Nigro-fusca,
590 1882 732 1934 longius
749 1883 872 1933 pilosa,
900 1883 1054 1933 pedibus
1078 1885 1235 1921 obscure
1260 1882 1557 1923 testaceo-fuscis,
1583 1879 1780 1917 femoribus

176 1948 308 1980 tantum
335 1942 652 1993 nigro-maculatis,
678 1943 980 1992 cephalothorace
1003 1944 1038 1980 in
1066 1944 1187 1980 medio
1213 1949 1248 1979 et
1273 1944 1319 1979 ad
1346 1942 1524 1991 margines
1545 1941 1636 1982 vitta,
1664 1942 1700 1974 et
1718 1937 1780 1973 ab·

177 2003 321 2038 domine
346 2002 461 2038 antice
489 2002 629 2038 macula
669 2002 867 2039 lanceolata
906 2016 1032 2052 parum
1058 2003 1253 2052 expressis,
1294 2002 1419 2038 colore
1459 2000 1577 2049 paullo
1617 1997 1778 2033 clariore.

177 2085 217 2090 —
247 2070 281 2107 0⁷·
306 2071 324 2103 2
351 2062 404 2098 ad.

325 2131 447 2170 Descr.
485 2153 529 2158 —
564 2131 651 2166 Tota
691 2132 913 2180 nigro-fusca,
952 2132 1100 2180 longius,
1140 2132 1333 2179 praesertim
1368 2131 1398 2164 in
1434 2128 1626 2167 abdomine,
1662 2125 1783 2173 pilosa,

179 2204 274 2240 qnam
302 2192 447 2239 reliquae
477 2197 609 2226 nostrae
641 2190 849 2240 Lycosidae,
884 2190 1251 2239 cephalothorace
1289 2191 1319 2224 in
1356 2188 1465 2223 medio
1494 2193 1526 2221 et
1552 2185 1592 2219 :nl
1620 2185 1784 2231 margines

178 2250 453 2298 longitudinaliter
489 2251 599 2298 paullo
634 2251 752 2286 clarius
785 2251 944 2286 colorato.
998 2249 1138 2284 Pedes
1175 2250 1233 2283 toti
1265 2249 1409 2283 obscure
1438 2243 1784 2289 testaceo-l'usci‚fe—

178 2308 325 2344 moribus
355 2314 476 2344 tantum
507 2311 674 2357 exceptis,
703 2322 788 2357 quae
817 2323 916 2357 supra
944 2315 976 2344 et
1002 2311 1032 2343 in
1062 2309 1217 2343 lateribus
1249 2306 1522 2355 nigro-maculata
1550 2304 1601 2339 vel
1629 2303 1783 2338 -sub-an—

179 2368 286 2402 nulata
315 2374 398 2402 sunt.
453 2367 533 2409 1112
558 2370 613 2403 acl.
641 2368 806 2404 abdomen
850 2369 1047 2417 plerumque
1085 2374 1188 2402 totum
1228 2367 1487 2415 nigro-fuscum,
1525 2364 1649 2399 macula
1680 2362 1784 2396 antica

181 2427 359 2462 lanceolata
387 2427 440 2461 vix
467 2429 663 2474 conspicua3
692 2440 776 2475 quae
796 2434 904 2463 antem
928 2429 958 2463 in
983 2435 1018 2471 0⁷¹
1051 2427 1247 2475 plerumque
1274 2425 1377 2461 adest.
1422 2424 1545 2472 Palpi
1574 2425 1645 2469 ejus
1672 2423 1783 2469 nigro-

182 2484 279 2526 susci‚
300 2493 406 2532 parte
426 2486 593 2530 femorali
621 2487 1040 2522 sub-testaceo-maculata.
1097 2485 1205 2522 Clam
1228 2487 1335 2533 nigra:
1365 2482 1483 2519 bulbus
1510 2484 1627 2518 subtus
1654 2483 1684 2516 in
1715 2494 1784 2516 rne-

184 2542 237 2576 dio
265 2555 380 2578 versus
413 2543 506 2578 basin
531 2544 639 2579 calcar
670 2544 770 2580 babet
802 2546 951 2587 brevius,
979 2546 1139 2587 crassius,
1172 2545 1266 2593 apice
1290 2544 1401 2592 paullo
1428 2545 1614 2583 incurvum,
1642 2542 1783 2588 sub-ap-

186 2613 354 2646 pressum,
392 2601 527 2648 oblique
568 2615 684 2637 versus
724 2604 852 2650 apicem
887 2609 919 2638 et
949 2604 1031 2639 latus
1067 2605 1210 2639 exterius
1247 2603 1382 2639 laminae
1412 2603 1589 2644 directun13
1625 2602 1665 2637 ad
1692 2602 1783 2637 basin
