2435 3188
1584 269 1669 311 105

137 398 194 434 gra
223 383 262 419 ad
288 379 535 428 impressionem
563 375 764 424 cephalicam
791 376 952 423 utrinque,
995 374 1132 421 aliisque
1160 373 1289 409 duabus
1317 386 1416 422 supra
1445 375 1613 422 petiolum,
1655 376 1722 412 fere

138 441 304 492 parallelis.
356 436 478 484 Margo
504 437 576 483 ipse
603 435 666 470 late
693 434 1056 474 rusescenti-cinereus3
1093 432 1176 467 linea
1212 433 1318 467 tenuis
1353 433 1443 480 nigra
1470 433 1501 467 in
1532 433 1632 468 dorso
1661 447 1722 481 po-

136 502 269 537 steriore
297 497 396 546 partis
415 495 599 529 thoracicae
618 493 779 528 interdum
808 494 1018 541 conspicitur.
1073 490 1269 526 Sternum
1295 492 1433 538 nigrum,
1458 492 1725 540 nigro-pilosum.

137 558 262 595 Oculi
302 554 454 591 succinei.
515 551 788 588 Mandibulae
832 553 954 600 nigrae,
996 550 1127 593 nitidae,
1165 551 1236 585 basi
1277 549 1379 585 dense
1419 552 1723 598 testaceo-pilosae.

137 615 331 652 Maxillae
359 619 391 648 et
418 612 568 647 labium
597 613 699 659 nigra,
726 611 835 653 nitida,
863 611 928 646 hoc
956 611 1051 658 apice
1078 611 1220 658 piceum.
1274 608 1399 657 Palpi
1427 609 1724 645 rufescentitesta-

135 677 192 717 cei,
207 681 314 723 parte
329 671 500 719 femorali
527 671 650 705 annulis
678 670 810 705 duobus
848 671 929 712 latis,
967 670 1078 712 fuscis,
1117 667 1229 704 tI’bialc‘
1267 669 1363 716 apice
1390 674 1423 703 et
1451 669 1521 704 basi
1556 668 1724 712 infuscata,

134 733 321 783 praesertim
349 732 473 771 subtus,
493 738 601 778 parte
627 729 752 764 tarsalz'
778 730 846 764 fere
863 735 928 763 tota
944 727 1159 776 nigro-fusca.
1212 726 1355 763 Pedes
1382 727 1725 771 rusescenti-testacei‚

134 793 205 841 pilis
230 791 441 831 brevissimis,
469 789 748 823 cinerascentibus
776 787 922 829 obducti,
956 788 1092 835 aliisque
1117 788 1202 835 pilis,
1240 787 1446 835 longioribus
1476 793 1509 822 et
1536 789 1725 830 rarioribus,

135 852 210 887 setis
235 856 332 897 atque
356 848 477 884 aculeis
504 848 603 895 nigris
618 847 766 895 praediti,
791 854 827 882 ut
849 848 880 882 in
910 847 949 882 T.
962 846 1116 894 fabrili:
1142 860 1246 882 coxae
1262 847 1595 895 piceo-rufescentes‚
1608 849 1727 894 femo-

134 923 174 944 ra
201 909 316 944 subtus
342 907 382 942 ad
422 908 593 941 maximam
631 912 760 954 partem
788 906 889 947 fusca,
917 906 1256 948 testaceo-maculata,
1293 919 1394 954 supra
1422 912 1577 949 testacea,
1615 906 1726 942 fusco-

133 968 298 1009 maculata,
325 967 460 1002 maculis
485 966 636 1001 omnibus
664 966 802 1001 annulos
827 966 988 1001 interdum
1017 967 1112 1001 binos
1139 964 1371 1007 formantibus,
1397 971 1578 1001 metatarsz'
1591 971 1624 1001 et
1639 973 1727 1002 tarsi

133 1029 225 1076 apice
248 1027 338 1061 susci.
393 1025 608 1061 Abdomen
636 1038 735 1072 supra
760 1031 792 1060 et
814 1026 845 1060 in
867 1026 1025 1061 lateribus
1052 1024 1427 1065 rufescenti-cinereum,
1462 1026 1588 1061 macula
1625 1040 1727 1075 super

132 1086 286 1135 petiolum
312 1086 380 1121 sere
417 1085 576 1127 sx-l'ormi
603 1085 712 1131 nigra,
742 1098 841 1132 supra
873 1091 905 1120 et
931 1086 1012 1119 intra
1041 1083 1125 1118 hanc
1151 1085 1181 1118 in
1210 1085 1317 1119 antico
1333 1084 1510 1119 abdomine
1525 1085 1629 1120 lineae
1645 1086 1729 1121 duae

131 1146 326 1192 conjunctim
362 1154 390 1185 Λ
416 1150 594 1179 testaceum
624 1143 771 1185 formant,
801 1150 836 1178 et
861 1144 971 1192 paullo
1000 1156 1089 1191 pone
1116 1156 1172 1178 eas
1202 1143 1282 1178 aliae
1310 1143 1395 1178 duae
1422 1143 1526 1178 lineae
1561 1144 1725 1192 obliquae,

132 1206 260 1253 postice
288 1203 382 1238 valde
419 1202 647 1244 divaricantes,
685 1203 927 1244 sub-curvatis,
958 1203 1060 1238 latere
1087 1203 1241 1238 interiore
1269 1203 1395 1250 virgula
1423 1203 1476 1238 vel
1503 1209 1628 1250 puncto
1657 1210 1726 1239 atro

131 1270 260 1299 notatae
290 1265 372 1298 inter
396 1276 432 1298 se
460 1264 635 1310 oppositae
677 1268 760 1303 sunt,
802 1276 892 1310 pone
922 1275 1003 1310 quas
1030 1261 1128 1296 2—5
1158 1262 1247 1309 paria
1287 1262 1449 1308 ejusmodi
1485 1262 1640 1298 linearum
1667 1263 1725 1298 ad-

131 1328 213 1364 sunt,
241 1335 333 1370 quae,
362 1335 477 1357 versus
505 1321 661 1356 mamillas
689 1321 923 1356 decrescentes
952 1328 984 1356 et
1008 1322 1211 1362 obliteratae,
1239 1321 1457 1369 apicibusque
1484 1323 1588 1370 magis
1605 1324 1726 1370 magis-

133 1395 196 1429 que
223 1382 536 1429 appropinquantes,
575 1382 660 1416 intus
687 1380 813 1428 virgula
840 1380 893 1415 vel
920 1385 1044 1428 puncto
1077 1381 1170 1428 nigro
1203 1382 1393 1416 terminatae
1421 1387 1504 1416 sunt.
1557 1380 1725 1417 Interdum

133 1453 246 1488 parum
273 1442 473 1488 conspicuae
500 1446 575 1475 sunt
602 1439 662 1475 hae
686 1439 835 1481 lineolae,
863 1439 998 1487 virgulis
1025 1439 1085 1474 illis
1111 1440 1213 1487 nigris
1243 1446 1367 1475 tantum
1407 1441 1614 1482 restantibus,
1645 1455 1725 1489 qua—

131 1513 201 1534 rum
229 1500 323 1534 binae
351 1500 529 1534 anteriores
548 1500 652 1546 magis
666 1500 749 1534 inter
775 1512 812 1534 se
833 1498 961 1541 distant,
987 1499 1082 1534 binae
1109 1500 1291 1546 proximae,
1316 1500 1347 1534 in
1376 1499 1485 1534 medio
1511 1500 1613 1535 dorso
1636 1502 1725 1542 sitae,

131 1559 199 1594 sere
225 1558 436 1600 confluentes,
463 1558 657 1606 triangulum
672 1558 725 1593 vel
740 1558 889 1594 lineolam
917 1572 1053 1606 parvam
1078 1559 1262 1606 angulatam
1300 1558 1501 1600 ,fx-formem
1530 1561 1725 1608 exprimunt.

133 1616 169 1652 In
198 1617 298 1652 dorso
326 1623 497 1665 praeterea
523 1618 675 1664 utrinque
703 1617 797 1652 adest
824 1619 937 1659 series,
979 1624 1052 1652 ante
1080 1617 1224 1653 medium
1251 1618 1411 1666 incipiens
1438 1624 1470 1654 et
1496 1618 1537 1653 ad
1570 1621 1726 1656 mamillas

133 1677 239 1718 ducta,
266 1690 308 1711 ex
330 1678 458 1724 punctis
485 1677 648 1717 testaceis,
685 1678 790 1712 antice
824 1678 1127 1725 nigro-marginatis
1160 1676 1307 1711 formata.
1364 1676 1453 1712 Tota
1480 1678 1563 1713 haec
1590 1681 1726 1727 pictura,

134 1734 244 1784 quoad
267 1740 411 1770 testacea
436 1741 495 1776 est,
522 1735 624 1770 colori
651 1736 767 1784 reliqui
795 1735 884 1771 dorsi
913 1736 997 1771 adeo
1025 1736 1187 1772 interdum
1214 1736 1335 1778 similis,
1361 1743 1397 1772 ut
1423 1739 1561 1785 agnosci
1575 1740 1628 1774 vix
1645 1753 1725 1788 pos-

135 1796 183 1831 sit.
242 1794 361 1829 Venter
387 1800 465 1835 ater,
500 1795 695 1843 plerumque
736 1795 901 1843 punctulis
940 1795 1073 1831 duobus
1110 1802 1184 1830 ante
1221 1796 1389 1839 mamillas,
1425 1797 1555 1845 alioque
1592 1799 1623 1833 in
1654 1799 1725 1847 ipsa

135 1860 286 1902 apertura
311 1853 450 1901 genitali,
477 1853 702 1889 albicantibus.
755 1854 919 1903 Epigyne
944 1856 1051 1904 picea,
1077 1856 1151 1903 pilis
1178 1856 1280 1903 nigris
1303 1861 1399 1891 tecta.

283 1935 317 1971 0⁷¹
344 1928 452 1962 adult.
481 1927 522 1961 ad
549 1928 684 1963 sormam
710 1927 849 1963 feminae
875 1934 925 1963 sat
949 1929 1070 1970 similis,
1097 1929 1460 1977 cephalothorace
1491 1931 1595 1965 antice
1622 1931 1726 1977 magis

135 1993 317 2036 angustato,
343 1986 560 2022 abdomine
589 1988 714 2022 minore
739 1993 771 2021 et
798 1987 905 2035 palpis
936 1989 1129 2035 praesertim
1158 1988 1318 2023 diversus.
1371 1987 1493 2036 Palpi
1521 1994 1555 2023 ut
1580 1990 1610 2023 in
1636 2002 1726 2024 mare

141 2047 179 2082 T.
196 2045 358 2094 fabrdss,
388 2045 448 2080 sed
467 2059 559 2094 pars
586 2046 727 2081 tarsalis
754 2047 904 2094 partibus
933 2046 1062 2082 duabus
1090 2047 1362 2082 antecedentibus
1398 2049 1582 2094 conjunctis
1615 2047 1724 2095 paullo

136 2107 268 2142 brevior
291 2111 349 2146 est,
383 2103 500 2139 bulbus
529 2105 601 2140 basi
628 2107 730 2153 magis
763 2105 916 2146 tumidus,
955 2119 1073 2141 versus
1107 2108 1235 2155 apicem
1268 2112 1456 2142 transverse
1489 2107 1620 2147 incisus,
1647 2120 1727 2154 pro-

137 2179 233 2200 cursu
258 2164 356 2198 nullo.

287 2222 385 2259 Color
412 2222 790 2271 cephalothoracis
824 2226 915 2259 utin
949 2222 1077 2258 semina.
1127 2221 1355 2270 Palporuni
1381 2228 1414 2257 et
1438 2222 1585 2270 pedum
1613 2236 1725 2258 macu-

138 2284 186 2318 lae
212 2282 324 2317 suscae
351 2282 454 2316 minus
483 2295 676 2329 expressae,
703 2283 831 2318 illorum
851 2297 943 2332 pars
963 2281 1104 2317 tarsalis
1129 2287 1161 2317 et
1187 2280 1304 2316 bulbus
1328 2281 1534 2329 nigro—susci.
1584 2280 1725 2317 Abdo-

140 2355 223 2377 men
253 2354 350 2389 supra
378 2342 454 2376 satis
486 2340 607 2376 differt:
635 2341 1007 2383 rufescenti-cinereum,
1037 2341 1162 2375 macula
1190 2354 1308 2388 magna
1336 2340 1404 2376 sere
1440 2340 1599 2382 A-formi
1626 2355 1725 2389 supra

140 2400 311 2447 petiolum,
350 2400 435 2434 intus
472 2399 638 2435 albicanti-
672 2402 725 2436 vel
755 2401 1110 2448 testaceo—marginata,
1147 2401 1298 2447 utrinque
1324 2401 1354 2434 in
1382 2401 1493 2434 vittam
1520 2399 1645 2435 fuscam
1675 2401 1726 2436 vel

140 2459 274 2505 nigram,
302 2459 385 2493 serie
412 2466 609 2506 punctorum
637 2461 804 2508 nigrorum
831 2466 984 2501 notatam,
1012 2473 1075 2507 per
1103 2459 1202 2494 latera
1232 2459 1416 2494 abdominis
1457 2458 1603 2501 ductam,
1645 2473 1725 2507 pro-

143 2523 248 2557 tensa,
285 2518 391 2564 spatio
418 2518 591 2563 interjecto
620 2525 688 2553 toto
716 2519 909 2554 rufescenti—
935 2518 988 2554 vel
1013 2519 1324 2560 testaceo-cinereo,
1350 2518 1486 2553 maculis
1514 2518 1566 2553 vel
1595 2520 1725 2566 punctis

144 2575 320 2620 majoribus
351 2575 480 2610 duobus
508 2577 539 2610 in
566 2583 659 2624 parte
683 2578 787 2612 antica
816 2583 937 2612 tantum
967 2577 1128 2613 distincto.
1182 2575 1304 2612 Latera
1343 2576 1494 2612 inferiora
1535 2576 1726 2612 rufescenti-

145 2633 281 2673 cinerea,
305 2641 416 2668 venter
446 2639 523 2671 ater.

1536 2684 1579 2718 14
