2355 3204
1633 279 1713 319 3⁵29

309 384 401 421 Num
429 383 521 420 filiae
547 384 745 420 Voduridis
774 390 808 421 et
835 385 944 434 Ingae
978 383 1212 420 hereditatem
1243 384 1421 433 quandam
1453 383 1497 418 ab
1526 383 1681 432 ipsarum
1712 398 1770 434 pa-

159 450 212 479 tre
241 444 398 480 relictam
426 443 595 492 ceperint,
627 442 672 479 de
698 442 768 479 hoc
795 443 978 492 inscriptio
1007 448 1114 482 tacet:
1141 455 1202 478 eas
1232 456 1320 478 vero
1347 455 1367 478 a
1394 448 1506 478 matre
1535 456 1606 478 non
1631 445 1771 492 cepisse

159 515 224 552 pro
250 508 349 538 certo
381 501 505 537 haberi
533 507 667 550 potest:
712 503 742 538 si
782 502 962 551 cepissent
1004 502 1115 543 enim,
1158 501 1214 537 vel
1249 503 1278 537 si
1306 514 1437 551 capere
1466 502 1656 551 perleges
1688 503 1771 551 ipsis

158 562 322 603 licuisset,
351 560 436 610 quid
463 561 695 609 inscriptione
723 574 815 609 opus
842 561 927 597 fuit?
967 561 1136 597 Heredes
1169 561 1276 610 igitur
1302 562 1428 608 Ingae,
1470 574 1579 610 quum
1609 562 1771 598 viderent

157 620 297 656 filiabus
323 622 402 667 eJus
429 624 488 655 aut
522 619 605 655 nihil
644 625 703 656 aut
742 632 866 668 parum
899 620 1078 655 bonorum
1108 619 1152 655 ad
1179 620 1309 655 victum
1337 620 1544 669 cultumque
1573 621 1769 669 parandum

156 691 365 728 superesse,
399 678 490 715 hanc
518 678 674 727 inopiam
703 679 854 715 consilio
882 691 965 720 suo,
999 678 1097 728 quod
1136 678 1283 726 majoris
1314 679 1399 715 fidei
1427 692 1532 715 causa
1561 680 1667 728 lapidi
1697 680 1770 715 Vo-

157 737 293 773 duridis
316 738 523 786 inscriptum
549 737 626 780 fuit,
656 738 851 774 commode
879 737 1070 774 sublevare
1095 737 1294 774 voluerunt.

307 830 391 866 Sola
418 829 484 865 hac
512 830 576 870 via,
607 836 642 865 ut
670 829 754 865 mihi
781 829 931 871 videtur,
961 829 1050 865 haec
1079 829 1320 878 inscriptionis
1348 842 1430 878 pars
1454 828 1634 878 hujusque
1664 841 1771 864 causa

155 888 328 937 explicari
354 894 513 937 possunt.
570 889 673 933 Quae
701 889 894 938 explicatio
926 889 955 925 si
984 889 1113 938 quibus
1142 889 1258 925 minus
1287 889 1475 938 placuerit,
1506 888 1654 924 meliora
1682 888 1772 924 edo-

156 951 233 982 ctus
260 947 294 982 in
322 947 463 983 illorum
491 947 702 984 sententiam
731 948 922 984 discedere
950 961 1022 984 non
1051 947 1234 984 dubitabo.

306 1041 426 1086 Quum
455 1055 502 1077 ex
529 1047 743 1092 argumento
784 1041 1041 1089 inscriptionis,
1083 1046 1156 1076 tum
1188 1052 1236 1075 ex
1272 1040 1349 1088 ipsa
1375 1039 1556 1075 literarum
1587 1039 1701 1084 figura
1737 1043 1770 1073 ct

155 1099 270 1136 forma
296 1101 468 1150 temporis
497 1102 680 1150 quoddam
707 1101 858 1150 spatium
891 1101 982 1136 inter
1017 1105 1203 1148 utramque
1236 1099 1476 1148 inscriptionis
1513 1103 1649 1147 partem
1684 1097 1770 1132 inci-

154 1171 230 1194 sam
258 1161 485 1208 praeteriisse
511 1160 678 1196 concludi
707 1165 832 1208 potest.
892 1159 996 1195 Prior
1022 1158 1263 1207 inscriptionis
1293 1171 1375 1207 pars
1403 1158 1541 1204 magnis
1568 1157 1770 1205 iisdemque

158 1217 314 1266 pulchris
341 1225 376 1255 et
406 1219 605 1268 perspicuis
639 1219 748 1254 literis
775 1218 886 1254 incisa
917 1223 970 1253 est
998 1222 1032 1253 et
1060 1217 1105 1253 de
1133 1222 1277 1252 mortuo
1306 1217 1497 1252 Voduride
1526 1221 1659 1252 tantum
1688 1216 1767 1265 agit.

158 1277 304 1314 Haecce
344 1291 427 1327 pars
467 1278 574 1327 paulo
601 1283 682 1326 post
708 1282 888 1313 mortuum
917 1277 1145 1312 Voduridem
1173 1277 1207 1312 in
1240 1276 1394 1325 lapidem
1425 1281 1506 1311 ante
1535 1276 1649 1325 pedes
1678 1275 1771 1311 scul-

156 1337 268 1385 ptoris
291 1339 472 1384 jacentem
497 1337 608 1373 incisa
633 1336 704 1372 fuit.
761 1336 885 1372 Altera
910 1349 1000 1385 pars,
1025 1337 1111 1384 Iuga
1134 1341 1284 1376 mortua,
1310 1335 1421 1371 incisa
1449 1339 1511 1371 est.
1567 1335 1673 1383 Lapis
1697 1340 1769 1370 tum

155 1395 341 1432 intervallo
384 1396 541 1446 quodam
581 1396 755 1444 temporis
794 1400 937 1431 erectus
973 1400 1137 1436 steterat.
1177 1399 1211 1431 et
1245 1407 1371 1444 quum,
1411 1399 1448 1430 ut
1482 1394 1620 1443 opinor,
1659 1394 1771 1442 pietas

155 1454 373 1504 prohiberet,
403 1468 449 1491 ne
475 1468 591 1491 novae
618 1455 857 1503 inscriptionis
885 1467 993 1490 causa
1020 1466 1102 1490 eum
1121 1459 1333 1496 everterent,
1363 1459 1505 1490 erectus
1528 1466 1675 1502 quoque
1702 1459 1770 1488 sta-

155 1513 229 1556 bat,
258 1514 343 1550 dum
371 1514 480 1550 altera
504 1514 593 1551 haec
617 1514 801 1562 inscriptio
831 1513 1007 1549 inciditur.
1063 1514 1156 1549 Tum
1189 1513 1359 1562 sculptori
1395 1517 1513 1562 partes
1547 1525 1630 1548 suas
1661 1525 1770 1558 agere

156 1573 334 1610 difficilius
359 1578 442 1610 erat.
496 1574 666 1610 Fortasse
694 1578 729 1609 et
752 1573 841 1609 alius
868 1573 931 1609 fuit
962 1573 1131 1621 sculptor,
1162 1573 1221 1622 qui
1249 1585 1326 1608 rem
1355 1573 1472 1608 minus
1491 1571 1587 1607 bene
1607 1570 1767 1606 callebat.

153 1632 247 1668 Hinc
275 1632 406 1669 factum
434 1638 496 1675 est,
526 1638 563 1669 ut
589 1633 712 1669 literae
755 1632 861 1680 hujus
905 1632 1015 1681 partis
1057 1632 1295 1682 negligentius
1326 1632 1459 1668 incisae
1488 1635 1523 1667 et
1549 1631 1664 1666 lineae
1692 1630 1771 1678 plus

149 1692 248 1738 justo
272 1704 404 1728 curvae
427 1698 629 1741 appareant.
682 1693 727 1728 Et
754 1704 864 1741 quum
891 1691 1012 1740 plures
1040 1691 1161 1727 literae
1185 1691 1220 1727 in
1248 1690 1318 1726 hoc
1345 1691 1434 1726 latus
1463 1690 1589 1738 lapidis
1610 1690 1769 1725 inciden-

153 1750 222 1786 dae
247 1758 384 1793 essent,
421 1751 684 1800 providendum
726 1756 816 1794 erat,
859 1763 904 1786 ne
939 1751 1090 1799 spatium
1128 1751 1311 1786 deficeret.
1367 1749 1460 1785 Hinc
1496 1749 1656 1784 minores
1691 1748 1769 1784 illae

152 1808 274 1846 literae
302 1810 524 1847 exstiterunt.

304 1906 498 1943 Professor
524 1905 658 1942 Munch
686 1911 784 1942 recte
812 1907 966 1948 monuit,
1007 1906 1042 1942 in
1080 1906 1200 1954 priore
1227 1904 1467 1953 inscriptionis
1496 1910 1595 1952 parte
1622 1902 1770 1952 reperiri

153 1964 434 2007 alliterationem,
462 1978 555 2014 quae
582 1965 718 2002 dicitur.
771 1967 895 2015 Itaque
922 1965 1011 2002 haec
1040 1978 1121 2014 pars
1150 1965 1277 2014 poesin
1312 1963 1459 2005 indicat,
1497 1962 1595 2012 quod
1633 1962 1678 1997 de
1705 1974 1768 2010 po-

153 2023 306 2060 steriore
334 2028 433 2072 parte
456 2025 538 2071 jure
564 2037 606 2059 ac
630 2025 758 2061 merito
788 2025 856 2060 dici
884 2038 956 2060 non
984 2030 1110 2073 potest.

302 2114 495 2159 Quaeritur
535 2113 711 2163 denique,
750 2115 807 2150 cui
843 2114 947 2150 aetati
987 2114 1172 2162 inscriptio
1201 2112 1386 2149 debeatur.
1454 2111 1645 2147 Munchius
1678 2110 1768 2146 hanc

151 2178 304 2209 aetatem
330 2173 424 2209 adeo
452 2178 627 2208 remotam
656 2177 767 2221 putat,
799 2178 850 2214 ut,
879 2173 908 2209 si
934 2173 1008 2208 veri
1036 2172 1139 2208 simili
1171 2172 1328 2221 quodam
1358 2171 1468 2207 modo
1503 2184 1581 2207 eam
1608 2170 1767 2206 invenire

153 2232 258 2274 velis,
286 2245 400 2282 usque
428 2232 473 2267 ad
501 2244 633 2268 annum
662 2231 988 2281 quingentesimum
1015 2237 1096 2280 post
1127 2230 1304 2266 Christum
1333 2236 1453 2267 natum
1487 2229 1766 2279 regrediendum

154 2290 217 2327 tibi
246 2291 298 2327 sit.
355 2291 413 2326 »Si
440 2291 710 2333 statuerimus«,
739 2291 867 2340 inquit,
902 2290 1189 2339 »inscriptionem
1219 2295 1376 2325 exeunte
1404 2302 1436 2338 p.
1471 2288 1550 2324 Chr.
1580 2301 1611 2324 n.
1643 2288 1766 2324 seculo

156 2350 279 2398 quinto
307 2350 543 2398 compositam
570 2363 660 2392 esse,
686 2363 765 2386 eam
791 2363 864 2386 non
886 2352 1061 2397 majorem
1085 2350 1186 2386 annis
1207 2361 1312 2398 quam
1342 2361 1405 2397 par
1430 2354 1498 2390 est,
1526 2348 1589 2384 sed
1617 2347 1767 2383 fortasse

154 2408 328 2445 minorem
358 2409 629 2458 adipiscemur«
688 2410 800 2457 Cujus
828 2409 954 2445 rationi
982 2408 1064 2445 nihil
1089 2414 1143 2445 est
1168 2408 1266 2458 quod
1295 2407 1490 2444 contradici
1519 2407 1639 2456 possit.
