<?xml version="1.0" encoding="UTF-8"?>
<!DOCTYPE html PUBLIC "-//W3C//DTD XHTML 1.0 Transitional//EN"
    "http://www.w3.org/TR/xhtml1/DTD/xhtml1-transitional.dtd">
<html xmlns="http://www.w3.org/1999/xhtml" xml:lang="en" lang="en">
 <head>
  <title>
</title>
<meta http-equiv="Content-Type" content="text/html;charset=utf-8" />
  <meta name='ocr-system' content='tesseract 3.04.00' />
  <meta name='ocr-capabilities' content='ocr_page ocr_carea ocr_par ocr_line ocrx_word'/>
</head>
<body>
  <div class='ocr_page' id='page_1' title='image "./novaactaregiaeso325658kung_0111.png"; bbox 0 0 2435 3188; ppageno 0'>
   <div class='ocr_carea' id='block_1_1' title="bbox 1664 251 1718 292">
    <p class='ocr_par' dir='ltr' id='par_1_1' title="bbox 1664 251 1718 292">
     <span class='ocr_line' id='line_1_1' title="bbox 1664 251 1718 292; baseline 0.019 -1"><span class='ocrx_word' id='word_1_1' title='bbox 1664 251 1718 292; x_wconf 82' lang='lat'>99</span> 
     </span>
    </p>
   </div>
   <div class='ocr_carea' id='block_1_2' title="bbox 159 354 1771 759">
    <p class='ocr_par' dir='ltr' id='par_1_2' title="bbox 159 354 1771 759">
     <span class='ocr_line' id='line_1_2' title="bbox 168 354 1771 406; baseline -0.002 -10"><span class='ocrx_word' id='word_1_2' title='bbox 168 363 335 398; x_wconf 66' lang='lat' dir='ltr'>instructa,</span> <span class='ocrx_word' id='word_1_3' title='bbox 366 370 458 406; x_wconf 77' lang='lat' dir='ltr'>pars</span> <span class='ocrx_word' id='word_1_4' title='bbox 503 356 645 392; x_wconf 76' lang='lat' dir='ltr'>tarsoelz&#39;s</span> <span class='ocrx_word' id='word_1_5' title='bbox 673 357 743 392; x_wconf 86' lang='lat' dir='ltr'>sive</span> <span class='ocrx_word' id='word_1_6' title='bbox 770 355 901 390; x_wconf 77' lang='lat' dir='ltr'>lamina</span> <span class='ocrx_word' id='word_1_7' title='bbox 927 355 1077 403; x_wconf 87' lang='lat' dir='ltr'>partibus</span> <span class='ocrx_word' id='word_1_8' title='bbox 1105 354 1235 390; x_wconf 90' lang='lat' dir='ltr'>duabus</span> <span class='ocrx_word' id='word_1_9' title='bbox 1273 354 1547 391; x_wconf 76' lang='lat' dir='ltr'>antecedentibus</span> <span class='ocrx_word' id='word_1_10' title='bbox 1587 358 1771 404; x_wconf 86' lang='lat' dir='ltr'>conjunctis</span> 
     </span>
     <span class='ocr_line' id='line_1_3' title="bbox 171 413 1770 466; baseline -0.002 -12"><span class='ocrx_word' id='word_1_11' title='bbox 171 419 304 466; x_wconf 81' lang='lat' dir='ltr'>longior,</span> <span class='ocrx_word' id='word_1_12' title='bbox 330 416 409 451; x_wconf 78' lang='lat' dir='ltr'>tibia</span> <span class='ocrx_word' id='word_1_13' title='bbox 437 417 589 452; x_wconf 81' lang='lat' dir='ltr'>crassior.</span> <span class='ocrx_word' id='word_1_14' title='bbox 642 413 776 449; x_wconf 73' lang='lat' dir='ltr'><em>Bulbus</em></span> <span class='ocrx_word' id='word_1_15' title='bbox 797 414 962 460; x_wconf 74' lang='lat' dir='ltr'>genitalis</span> <span class='ocrx_word' id='word_1_16' title='bbox 989 414 1084 450; x_wconf 88' lang='lat' dir='ltr'>valde</span> <span class='ocrx_word' id='word_1_17' title='bbox 1110 414 1262 462; x_wconf 86' lang='lat' dir='ltr'><strong>simplex,</strong></span> <span class='ocrx_word' id='word_1_18' title='bbox 1290 413 1407 448; x_wconf 79' lang='lat' dir='ltr'>lamina</span> <span class='ocrx_word' id='word_1_19' title='bbox 1433 415 1549 454; x_wconf 88' lang='lat' dir='ltr'>minor,</span> <span class='ocrx_word' id='word_1_20' title='bbox 1576 416 1672 463; x_wconf 88' lang='lat' dir='ltr'>apice</span> <span class='ocrx_word' id='word_1_21' title='bbox 1698 425 1770 451; x_wconf 87' lang='lat' dir='ltr'>mu·</span> 
     </span>
     <span class='ocr_line' id='line_1_4' title="bbox 166 472 1769 521; baseline -0.001 -9"><span class='ocrx_word' id='word_1_22' title='bbox 166 489 264 513; x_wconf 87' lang='lat' dir='ltr'>crone</span> <span class='ocrx_word' id='word_1_23' title='bbox 288 476 422 517; x_wconf 90' lang='lat' dir='ltr'>minuto,</span> <span class='ocrx_word' id='word_1_24' title='bbox 454 481 546 510; x_wconf 73' lang='lat' dir='ltr'>recto</span> <span class='ocrx_word' id='word_1_25' title='bbox 573 476 758 509; x_wconf 79' lang='lat' dir='ltr'>instructus.</span> <span class='ocrx_word' id='word_1_26' title='bbox 812 472 1158 521; x_wconf 75' lang='lat' dir='ltr'>Scopulaetarsorum</span> <span class='ocrx_word' id='word_1_27' title='bbox 1174 473 1205 507; x_wconf 90' lang='lat' dir='ltr'>in</span> <span class='ocrx_word' id='word_1_28' title='bbox 1221 473 1421 516; x_wconf 51' lang='lat' dir='ltr'>graviores,</span> <span class='ocrx_word' id='word_1_29' title='bbox 1448 483 1565 521; x_wconf 86' lang='lat' dir='ltr'>parum</span> <span class='ocrx_word' id='word_1_30' title='bbox 1579 483 1769 521; x_wconf 81' lang='lat' dir='ltr'>expressae.</span> 
     </span>
     <span class='ocr_line' id='line_1_5' title="bbox 167 530 1769 581; baseline -0.001 -12"><span class='ocrx_word' id='word_1_31' title='bbox 167 556 211 563; x_wconf 91' lang='lat'>-—</span> <span class='ocrx_word' id='word_1_32' title='bbox 236 533 272 569; x_wconf 92' lang='lat' dir='ltr'>In</span> <span class='ocrx_word' id='word_1_33' title='bbox 297 534 459 581; x_wconf 85' lang='lat' dir='ltr'>exemplis</span> <span class='ocrx_word' id='word_1_34' title='bbox 489 532 688 568; x_wconf 85' lang='lat' dir='ltr'>fuscioribus</span> <span class='ocrx_word' id='word_1_35' title='bbox 714 530 882 568; x_wconf 84' lang='lat' dir='ltr'>abdomen</span> <span class='ocrx_word' id='word_1_36' title='bbox 909 532 1074 567; x_wconf 81' lang='lat' dir='ltr'>interdum</span> <span class='ocrx_word' id='word_1_37' title='bbox 1102 545 1202 580; x_wconf 83' lang='lat' dir='ltr'>supra</span> <span class='ocrx_word' id='word_1_38' title='bbox 1231 531 1358 567; x_wconf 86' lang='lat' dir='ltr'>lineolis</span> <span class='ocrx_word' id='word_1_39' title='bbox 1386 532 1509 580; x_wconf 81' lang='lat' dir='ltr'>parvis,</span> <span class='ocrx_word' id='word_1_40' title='bbox 1539 532 1692 580; x_wconf 79' lang='lat' dir='ltr'>obliquis,</span> <span class='ocrx_word' id='word_1_41' title='bbox 1719 530 1769 568; x_wconf 90' lang='lat' dir='ltr'>bi—</span> 
     </span>
     <span class='ocr_line' id='line_1_6' title="bbox 162 591 1771 641; baseline -0.001 -12"><span class='ocrx_word' id='word_1_42' title='bbox 162 595 209 630; x_wconf 87' lang='lat' dir='ltr'>nis</span> <span class='ocrx_word' id='word_1_43' title='bbox 234 593 410 641; x_wconf 87' lang='lat' dir='ltr'>oppositis,</span> <span class='ocrx_word' id='word_1_44' title='bbox 437 593 591 628; x_wconf 79' lang='lat' dir='ltr'>testaceis</span> <span class='ocrx_word' id='word_1_45' title='bbox 623 596 771 626; x_wconf 82' lang='lat' dir='ltr'>notatum</span> <span class='ocrx_word' id='word_1_46' title='bbox 796 597 857 633; x_wconf 85' lang='lat' dir='ltr'>est,</span> <span class='ocrx_word' id='word_1_47' title='bbox 887 602 1024 639; x_wconf 89' lang='lat' dir='ltr'>quarum</span> <span class='ocrx_word' id='word_1_48' title='bbox 1068 597 1224 640; x_wconf 88' lang='lat' dir='ltr'>quattuor</span> <span class='ocrx_word' id='word_1_49' title='bbox 1265 592 1448 626; x_wconf 88' lang='lat' dir='ltr'>anteriores</span> <span class='ocrx_word' id='word_1_50' title='bbox 1475 591 1660 638; x_wconf 84' lang='lat' dir='ltr'>impressae</span> <span class='ocrx_word' id='word_1_51' title='bbox 1696 598 1771 627; x_wconf 88' lang='lat' dir='ltr'>sunt</span> 
     </span>
     <span class='ocr_line' id='line_1_7' title="bbox 160 649 1769 700; baseline 0 -13"><span class='ocrx_word' id='word_1_52' title='bbox 160 658 192 688; x_wconf 87' lang='lat' dir='ltr'>et</span> <span class='ocrx_word' id='word_1_53' title='bbox 217 652 322 700; x_wconf 84' lang='lat' dir='ltr'>spatio</span> <span class='ocrx_word' id='word_1_54' title='bbox 348 651 500 699; x_wconf 85' lang='lat' dir='ltr'>longiore</span> <span class='ocrx_word' id='word_1_55' title='bbox 526 652 610 686; x_wconf 84' lang='lat' dir='ltr'>inter</span> <span class='ocrx_word' id='word_1_56' title='bbox 637 664 674 685; x_wconf 89' lang='lat' dir='ltr'>se</span> <span class='ocrx_word' id='word_1_57' title='bbox 706 650 875 691; x_wconf 86' lang='lat' dir='ltr'>distantes,</span> <span class='ocrx_word' id='word_1_58' title='bbox 904 652 1112 698; x_wconf 89' lang='lat' dir='ltr'>posteriores</span> <span class='ocrx_word' id='word_1_59' title='bbox 1144 656 1255 686; x_wconf 88' lang='lat' dir='ltr'>autem</span> <span class='ocrx_word' id='word_1_60' title='bbox 1281 661 1398 698; x_wconf 89' lang='lat' dir='ltr'>parum</span> <span class='ocrx_word' id='word_1_61' title='bbox 1435 649 1637 691; x_wconf 79' lang='lat' dir='ltr'>manifestae,</span> <span class='ocrx_word' id='word_1_62' title='bbox 1674 651 1769 687; x_wconf 85' lang='lat' dir='ltr'>binae</span> 
     </span>
     <span class='ocr_line' id='line_1_8' title="bbox 159 711 684 759; baseline -0.006 -13"><span class='ocrx_word' id='word_1_63' title='bbox 159 711 305 759; x_wconf 82' lang='lat' dir='ltr'>apicibus</span> <span class='ocrx_word' id='word_1_64' title='bbox 333 711 447 745; x_wconf 78' lang='lat' dir='ltr'>anticis</span> <span class='ocrx_word' id='word_1_65' title='bbox 477 711 684 757; x_wconf 88' lang='lat' dir='ltr'>conjunctae.</span> 
     </span>
    </p>
   </div>
   <div class='ocr_carea' id='block_1_3' title="bbox 865 761 1059 765">
    <p class='ocr_par' dir='ltr' id='par_1_3' title="bbox 865 761 1059 765">
     <span class='ocr_line' id='line_1_9' title="bbox 865 761 1059 765; baseline 0 0"><span class='ocrx_word' id='word_1_66' title='bbox 865 761 1059 765; x_wconf 95' lang='lat' dir='ltr'> </span> 
     </span>
    </p>
   </div>
   <div class='ocr_carea' id='block_1_4' title="bbox 306 825 1770 934">
    <p class='ocr_par' dir='ltr' id='par_1_4' title="bbox 306 825 1770 934">
     <span class='ocr_line' id='line_1_10' title="bbox 306 825 1770 877; baseline 0.001 -14"><span class='ocrx_word' id='word_1_67' title='bbox 306 827 507 863; x_wconf 72' lang='lat' dir='ltr'>CLUBIONA</span> <span class='ocrx_word' id='word_1_68' title='bbox 546 827 761 862; x_wconf 81' lang='lat' dir='ltr'>lmlosericea</span> <span class='ocrx_word' id='word_1_69' title='bbox 801 825 883 874; x_wconf 91' lang='lat' dir='ltr'>(De</span> <span class='ocrx_word' id='word_1_70' title='bbox 915 827 1073 875; x_wconf 86' lang='lat' dir='ltr'>Geer.).</span> <span class='ocrx_word' id='word_1_71' title='bbox 1110 849 1157 854; x_wconf 87' lang='lat'><em>-</em></span> <span class='ocrx_word' id='word_1_72' title='bbox 1191 825 1303 875; x_wconf 81' lang='lat' dir='ltr'>Long.</span> <span class='ocrx_word' id='word_1_73' title='bbox 1339 826 1509 876; x_wconf 55' lang='grc'>9-12112</span> <span class='ocrx_word' id='word_1_74' title='bbox 1542 826 1675 865; x_wconf 82' lang='lat' dir='ltr'>millim.</span> <span class='ocrx_word' id='word_1_75' title='bbox 1703 829 1770 877; x_wconf 70' lang='lat'><strong>(2);</strong></span> 
     </span>
     <span class='ocr_line' id='line_1_11' title="bbox 380 884 827 934; baseline -0.004 -12"><span class='ocrx_word' id='word_1_76' title='bbox 380 885 600 934; x_wconf 64' lang='lat' dir='ltr'>7¹s2—10&#39;s2</span> <span class='ocrx_word' id='word_1_77' title='bbox 634 884 716 921; x_wconf 89' lang='lat' dir='ltr'>mill.</span> <span class='ocrx_word' id='word_1_78' title='bbox 746 886 827 934; x_wconf 51' lang='grc' dir='ltr'>(Θῆ).</span> 
     </span>
    </p>
   </div>
   <div class='ocr_carea' id='block_1_5' title="bbox 234 971 1560 1010">
    <p class='ocr_par' dir='ltr' id='par_1_5' title="bbox 234 971 1560 1010">
     <span class='ocr_line' id='line_1_12' title="bbox 234 971 1560 1010; baseline 0.001 -10"><span class='ocrx_word' id='word_1_79' title='bbox 234 973 297 1007; x_wconf 73' lang='lat' dir='ltr'>Syn.</span> <span class='ocrx_word' id='word_1_80' title='bbox 319 973 453 1000; x_wconf 83' lang='lat' dir='ltr'>Aranea</span> <span class='ocrx_word' id='word_1_81' title='bbox 477 971 699 1001; x_wconf 81' lang='lat' dir='ltr'>liolosericea</span> <span class='ocrx_word' id='word_1_82' title='bbox 723 974 759 999; x_wconf 78' lang='lat' dir='ltr'>De</span> <span class='ocrx_word' id='word_1_83' title='bbox 781 974 852 1000; x_wconf 53' lang='lat' dir='ltr'>Geor.</span> <span class='ocrx_word' id='word_1_84' title='bbox 877 972 962 1000; x_wconf 67' lang='lat' dir='ltr'>Mem.</span> <span class='ocrx_word' id='word_1_85' title='bbox 986 972 1050 1000; x_wconf 79' lang='lat' dir='ltr'>VII.</span> <span class='ocrx_word' id='word_1_86' title='bbox 1074 981 1099 1009; x_wconf 90' lang='lat' dir='ltr'>p.</span> <span class='ocrx_word' id='word_1_87' title='bbox 1124 975 1190 1001; x_wconf 84' lang='lat'>266.</span> <span class='ocrx_word' id='word_1_88' title='bbox 1213 972 1248 1010; x_wconf 91' lang='lat' dir='ltr'>pl.</span> <span class='ocrx_word' id='word_1_89' title='bbox 1276 975 1318 1000; x_wconf 87' lang='lat'>15.</span> <span class='ocrx_word' id='word_1_90' title='bbox 1342 972 1406 1009; x_wconf 87' lang='lat' dir='ltr'>figg.</span> <span class='ocrx_word' id='word_1_91' title='bbox 1434 975 1560 1002; x_wconf 80' lang='lat'>13—16.</span> 
     </span>
    </p>
   </div>
   <div class='ocr_carea' id='block_1_6' title="bbox 315 1021 1338 1157">
    <p class='ocr_par' dir='ltr' id='par_1_6' title="bbox 315 1021 1338 1157">
     <span class='ocr_line' id='line_1_13' title="bbox 315 1021 1172 1059; baseline -0.001 -9"><span class='ocrx_word' id='word_1_92' title='bbox 315 1021 484 1050; x_wconf 86' lang='lat' dir='ltr'>Clubiona</span> <span class='ocrx_word' id='word_1_93' title='bbox 588 1032 602 1046; x_wconf 84' lang='lat'>«</span> <span class='ocrx_word' id='word_1_94' title='bbox 721 1023 817 1050; x_wconf 69' lang='lat' dir='ltr'>Walclc.</span> <span class='ocrx_word' id='word_1_95' title='bbox 842 1022 898 1050; x_wconf 87' lang='lat' dir='ltr'>Ins.</span> <span class='ocrx_word' id='word_1_96' title='bbox 922 1024 987 1059; x_wconf 86' lang='lat' dir='ltr'>Apt.</span> <span class='ocrx_word' id='word_1_97' title='bbox 1012 1021 1033 1049; x_wconf 91' lang='grc' dir='ltr'>Ι.</span> <span class='ocrx_word' id='word_1_98' title='bbox 1056 1031 1081 1058; x_wconf 88' lang='lat' dir='ltr'>p.</span> <span class='ocrx_word' id='word_1_99' title='bbox 1107 1025 1172 1049; x_wconf 82' lang='lat'>590.</span> 
     </span>
     <span class='ocr_line' id='line_1_14' title="bbox 586 1071 1338 1108; baseline 0.001 -10"><span class='ocrx_word' id='word_1_100' title='bbox 586 1081 599 1095; x_wconf 89' lang='lat'>«</span> <span class='ocrx_word' id='word_1_101' title='bbox 715 1073 798 1098; x_wconf 79' lang='lat' dir='ltr'>Halm.</span> <span class='ocrx_word' id='word_1_102' title='bbox 821 1071 872 1099; x_wconf 84' lang='lat' dir='ltr'>Die</span> <span class='ocrx_word' id='word_1_103' title='bbox 895 1071 1013 1099; x_wconf 82' lang='lat' dir='ltr'>Ai&#39;achn.</span> <span class='ocrx_word' id='word_1_104' title='bbox 1038 1071 1059 1098; x_wconf 91' lang='lat' dir='ltr'>I.</span> <span class='ocrx_word' id='word_1_105' title='bbox 1083 1080 1107 1108; x_wconf 89' lang='lat' dir='ltr'>p.</span> <span class='ocrx_word' id='word_1_106' title='bbox 1134 1074 1198 1098; x_wconf 76' lang='lat'>112.</span> <span class='ocrx_word' id='word_1_107' title='bbox 1223 1071 1267 1106; x_wconf 79' lang='lat' dir='ltr'>fig.</span> <span class='ocrx_word' id='word_1_108' title='bbox 1291 1075 1338 1099; x_wconf 82' lang='lat'>84.</span> 
     </span>
     <span class='ocr_line' id='line_1_15' title="bbox 379 1120 1269 1157; baseline -0.001 -9"><span class='ocrx_word' id='word_1_109' title='bbox 379 1130 393 1145; x_wconf 83' lang='lat'>«</span> <span class='ocrx_word' id='word_1_110' title='bbox 509 1143 517 1148; x_wconf 86' lang='lat'>.</span> <span class='ocrx_word' id='word_1_111' title='bbox 584 1131 597 1144; x_wconf 86' lang='lat'>«</span> <span class='ocrx_word' id='word_1_112' title='bbox 716 1121 808 1148; x_wconf 73' lang='lat' dir='ltr'>Westr.</span> <span class='ocrx_word' id='word_1_113' title='bbox 832 1121 892 1148; x_wconf 86' lang='lat' dir='ltr'>Act.</span> <span class='ocrx_word' id='word_1_114' title='bbox 918 1120 1039 1148; x_wconf 73' lang='lat' dir='ltr'>Gothob.</span> <span class='ocrx_word' id='word_1_115' title='bbox 1067 1124 1151 1148; x_wconf 83' lang='grc'>1851.</span> <span class='ocrx_word' id='word_1_116' title='bbox 1174 1130 1199 1157; x_wconf 91' lang='lat' dir='ltr'>p.</span> <span class='ocrx_word' id='word_1_117' title='bbox 1223 1124 1269 1148; x_wconf 79' lang='grc'>49.</span> 
     </span>
    </p>
   </div>
   <div class='ocr_carea' id='block_1_7' title="bbox 152 1201 1764 1489">
    <p class='ocr_par' dir='ltr' id='par_1_7' title="bbox 152 1201 1764 1489">
     <span class='ocr_line' id='line_1_16' title="bbox 300 1201 1764 1251; baseline 0.003 -14"><span class='ocrx_word' id='word_1_118' title='bbox 300 1201 641 1243; x_wconf 84' lang='lat' dir='ltr'>Cinereo—testacea,</span> <span class='ocrx_word' id='word_1_119' title='bbox 674 1201 1059 1250; x_wconf 87' lang='lat' dir='ltr'>cinereo-pubescens,</span> <span class='ocrx_word' id='word_1_120' title='bbox 1088 1201 1382 1251; x_wconf 75' lang='lat' dir='ltr'>cephalothoracz&#39;s</span> <span class='ocrx_word' id='word_1_121' title='bbox 1409 1208 1569 1249; x_wconf 70' lang='lat' dir='ltr'>margine</span> <span class='ocrx_word' id='word_1_122' title='bbox 1587 1205 1764 1248; x_wconf 77' lang='lat' dir='ltr'>concolore,</span> 
     </span>
     <span class='ocr_line' id='line_1_17' title="bbox 153 1259 1764 1312; baseline 0.003 -17"><span class='ocrx_word' id='word_1_123' title='bbox 153 1259 311 1309; x_wconf 85' lang='lat' dir='ltr'>partibus</span> <span class='ocrx_word' id='word_1_124' title='bbox 350 1260 422 1296; x_wconf 90' lang='lat' dir='ltr'>oris</span> <span class='ocrx_word' id='word_1_125' title='bbox 465 1260 585 1309; x_wconf 76' lang='lat' dir='ltr'>nigro·</span> <span class='ocrx_word' id='word_1_126' title='bbox 613 1260 669 1296; x_wconf 90' lang='lat' dir='ltr'>vel</span> <span class='ocrx_word' id='word_1_127' title='bbox 706 1259 1044 1303; x_wconf 85' lang='lat' dir='ltr'>rufescenti-fuscis,</span> <span class='ocrx_word' id='word_1_128' title='bbox 1084 1265 1185 1309; x_wconf 88' lang='lat' dir='ltr'>parte</span> <span class='ocrx_word' id='word_1_129' title='bbox 1218 1260 1401 1309; x_wconf 85' lang='lat' dir='ltr'>cephalica</span> <span class='ocrx_word' id='word_1_130' title='bbox 1438 1261 1651 1312; x_wconf 87' lang='lat' dir='ltr'>plerumque</span> <span class='ocrx_word' id='word_1_131' title='bbox 1678 1263 1764 1300; x_wconf 80' lang='lat' dir='ltr'>sub·</span> 
     </span>
     <span class='ocr_line' id='line_1_18' title="bbox 152 1318 1763 1369; baseline 0.003 -15"><span class='ocrx_word' id='word_1_132' title='bbox 152 1318 332 1360; x_wconf 83' lang='lat' dir='ltr'>infuscata,</span> <span class='ocrx_word' id='word_1_133' title='bbox 363 1318 557 1354; x_wconf 85' lang='lat' dir='ltr'>abdomine</span> <span class='ocrx_word' id='word_1_134' title='bbox 586 1318 689 1355; x_wconf 86' lang='lat' dir='ltr'>fusco</span> <span class='ocrx_word' id='word_1_135' title='bbox 727 1320 785 1356; x_wconf 83' lang='lat' dir='ltr'>vel</span> <span class='ocrx_word' id='word_1_136' title='bbox 828 1324 998 1361; x_wconf 89' lang='lat' dir='ltr'>testaceo,</span> <span class='ocrx_word' id='word_1_137' title='bbox 1040 1320 1138 1369; x_wconf 88' lang='lat' dir='ltr'>pube</span> <span class='ocrx_word' id='word_1_138' title='bbox 1179 1320 1301 1363; x_wconf 86' lang='lat' dir='ltr'>densa,</span> <span class='ocrx_word' id='word_1_139' title='bbox 1340 1320 1555 1363; x_wconf 87' lang='lat' dir='ltr'>holoserica,</span> <span class='ocrx_word' id='word_1_140' title='bbox 1598 1322 1763 1360; x_wconf 89' lang='lat' dir='ltr'>cinereo-</span> 
     </span>
     <span class='ocr_line' id='line_1_19' title="bbox 153 1377 1762 1430; baseline 0.003 -16"><span class='ocrx_word' id='word_1_141' title='bbox 153 1383 306 1414; x_wconf 85' lang='lat' dir='ltr'>testacea</span> <span class='ocrx_word' id='word_1_142' title='bbox 333 1383 443 1419; x_wconf 85' lang='lat' dir='ltr'>tect0;</span> <span class='ocrx_word' id='word_1_143' title='bbox 471 1377 773 1426; x_wconf 86' lang='lat' dir='ltr'>cephalothorace</span> <span class='ocrx_word' id='word_1_144' title='bbox 803 1379 918 1415; x_wconf 89' lang='lat' dir='ltr'>antice</span> <span class='ocrx_word' id='word_1_145' title='bbox 940 1393 1066 1428; x_wconf 87' lang='lat' dir='ltr'>parum</span> <span class='ocrx_word' id='word_1_146' title='bbox 1096 1384 1295 1430; x_wconf 73' lang='lat' dir='ltr'>angustam,</span> <span class='ocrx_word' id='word_1_147' title='bbox 1329 1379 1546 1416; x_wconf 88' lang='lat' dir='ltr'>mandibulis</span> <span class='ocrx_word' id='word_1_148' title='bbox 1584 1382 1762 1419; x_wconf 87' lang='lat' dir='ltr'>crassissi-</span> 
     </span>
     <span class='ocr_line' id='line_1_20' title="bbox 153 1437 1546 1489; baseline 0.002 -17"><span class='ocrx_word' id='word_1_149' title='bbox 153 1437 227 1479; x_wconf 87' lang='lat' dir='ltr'>mis,</span> <span class='ocrx_word' id='word_1_150' title='bbox 255 1437 357 1472; x_wconf 89' lang='lat' dir='ltr'>valde</span> <span class='ocrx_word' id='word_1_151' title='bbox 385 1437 568 1479; x_wconf 79' lang='lat' dir='ltr'>convexis,</span> <span class='ocrx_word' id='word_1_152' title='bbox 596 1438 749 1486; x_wconf 85' lang='lat' dir='ltr'>pedibus</span> <span class='ocrx_word' id='word_1_153' title='bbox 773 1438 1007 1487; x_wconf 80' lang='lat' dir='ltr'>proportione</span> <span class='ocrx_word' id='word_1_154' title='bbox 1033 1440 1085 1489; x_wconf 89' lang='lat' dir='ltr'>(in</span> <span class='ocrx_word' id='word_1_155' title='bbox 1111 1448 1130 1481; x_wconf 67' lang='lat'>2</span> <span class='ocrx_word' id='word_1_156' title='bbox 1158 1439 1301 1489; x_wconf 88' lang='lat' dir='ltr'>saltem)</span> <span class='ocrx_word' id='word_1_157' title='bbox 1329 1441 1361 1481; x_wconf 73' lang='lat'>4,</span> <span class='ocrx_word' id='word_1_158' title='bbox 1389 1441 1421 1481; x_wconf 77' lang='lat'>2,</span> <span class='ocrx_word' id='word_1_159' title='bbox 1453 1441 1482 1481; x_wconf 90' lang='lat'>1,</span> <span class='ocrx_word' id='word_1_160' title='bbox 1514 1439 1546 1474; x_wconf 85' lang='lat'>3.</span> 
     </span>
    </p>
   </div>
   <div class='ocr_carea' id='block_1_8' title="bbox 150 1530 1759 2171">
    <p class='ocr_par' dir='ltr' id='par_1_8' title="bbox 150 1530 1759 2171">
     <span class='ocr_line' id='line_1_21' title="bbox 300 1530 1758 1579; baseline 0.003 -13"><span class='ocrx_word' id='word_1_161' title='bbox 300 1530 580 1567; x_wconf 87' lang='lat' dir='ltr'>Mandibulae</span> <span class='ocrx_word' id='word_1_162' title='bbox 610 1533 774 1579; x_wconf 72' lang='lat' dir='ltr'>feminae</span> <span class='ocrx_word' id='word_1_163' title='bbox 812 1540 939 1576; x_wconf 83' lang='lat' dir='ltr'>ovatae,</span> <span class='ocrx_word' id='word_1_164' title='bbox 981 1535 1217 1576; x_wconf 84' lang='lat' dir='ltr'>crassissimae,</span> <span class='ocrx_word' id='word_1_165' title='bbox 1253 1536 1284 1569; x_wconf 90' lang='lat' dir='ltr'>in</span> <span class='ocrx_word' id='word_1_166' title='bbox 1323 1534 1425 1569; x_wconf 83' lang='lat' dir='ltr'>dorso</span> <span class='ocrx_word' id='word_1_167' title='bbox 1468 1534 1564 1569; x_wconf 90' lang='lat' dir='ltr'>valde</span> <span class='ocrx_word' id='word_1_168' title='bbox 1605 1542 1758 1571; x_wconf 86' lang='lat' dir='ltr'>arcuato—</span> 
     </span>
     <span class='ocr_line' id='line_1_22' title="bbox 154 1592 1757 1642; baseline 0.003 -17"><span class='ocrx_word' id='word_1_169' title='bbox 154 1604 333 1632; x_wconf 82' lang='lat' dir='ltr'>convexae,</span> <span class='ocrx_word' id='word_1_170' title='bbox 370 1592 645 1639; x_wconf 54' lang='lat' dir='ltr'>sub-porrectam</span> <span class='ocrx_word' id='word_1_171' title='bbox 686 1606 704 1627; x_wconf 89' lang='lat' dir='ltr'>a</span> <span class='ocrx_word' id='word_1_172' title='bbox 732 1594 834 1629; x_wconf 88' lang='lat' dir='ltr'>latere</span> <span class='ocrx_word' id='word_1_173' title='bbox 874 1595 1045 1642; x_wconf 77' lang='lat' dir='ltr'>inspectae</span> <span class='ocrx_word' id='word_1_174' title='bbox 1087 1594 1158 1629; x_wconf 90' lang='lat' dir='ltr'>basi</span> <span class='ocrx_word' id='word_1_175' title='bbox 1195 1594 1388 1635; x_wconf 87' lang='lat' dir='ltr'>latissimae,</span> <span class='ocrx_word' id='word_1_176' title='bbox 1430 1593 1597 1629; x_wconf 83' lang='lat' dir='ltr'>latitudine</span> <span class='ocrx_word' id='word_1_177' title='bbox 1640 1608 1757 1642; x_wconf 88' lang='lat' dir='ltr'>parum</span> 
     </span>
     <span class='ocr_line' id='line_1_23' title="bbox 151 1651 1758 1703; baseline 0.003 -19"><span class='ocrx_word' id='word_1_178' title='bbox 151 1651 336 1698; x_wconf 83' lang='lat' dir='ltr'>longiores:</span> <span class='ocrx_word' id='word_1_179' title='bbox 374 1656 481 1685; x_wconf 69' lang='lat' dir='ltr'>maris</span> <span class='ocrx_word' id='word_1_180' title='bbox 512 1653 720 1699; x_wconf 80' lang='lat' dir='ltr'>angustiores</span> <span class='ocrx_word' id='word_1_181' title='bbox 759 1659 791 1688; x_wconf 90' lang='lat' dir='ltr'>et</span> <span class='ocrx_word' id='word_1_182' title='bbox 824 1654 929 1689; x_wconf 93' lang='lat' dir='ltr'>minus</span> <span class='ocrx_word' id='word_1_183' title='bbox 968 1666 1155 1695; x_wconf 84' lang='lat' dir='ltr'>convexae,</span> <span class='ocrx_word' id='word_1_184' title='bbox 1191 1653 1467 1701; x_wconf 82' lang='lat' dir='ltr'>sub-porrectae,</span> <span class='ocrx_word' id='word_1_185' title='bbox 1498 1653 1624 1689; x_wconf 82' lang='lat' dir='ltr'>femore</span> <span class='ocrx_word' id='word_1_186' title='bbox 1656 1654 1758 1703; x_wconf 88' lang='lat' dir='ltr'>duplo</span> 
     </span>
     <span class='ocr_line' id='line_1_24' title="bbox 152 1709 1759 1761; baseline 0.004 -18"><span class='ocrx_word' id='word_1_187' title='bbox 152 1710 342 1751; x_wconf 87' lang='lat' dir='ltr'>crassiores,</span> <span class='ocrx_word' id='word_1_188' title='bbox 366 1709 568 1757; x_wconf 84' lang='lat' dir='ltr'>longitudine</span> <span class='ocrx_word' id='word_1_189' title='bbox 596 1712 694 1746; x_wconf 85' lang='lat' dir='ltr'>tibiae</span> <span class='ocrx_word' id='word_1_190' title='bbox 722 1714 858 1754; x_wconf 86' lang='lat' dir='ltr'>anticae,</span> <span class='ocrx_word' id='word_1_191' title='bbox 885 1713 948 1748; x_wconf 88' lang='lat' dir='ltr'>sub</span> <span class='ocrx_word' id='word_1_192' title='bbox 976 1712 1086 1748; x_wconf 90' lang='lat' dir='ltr'>medio</span> <span class='ocrx_word' id='word_1_193' title='bbox 1113 1712 1223 1747; x_wconf 89' lang='lat' dir='ltr'>lateris</span> <span class='ocrx_word' id='word_1_194' title='bbox 1251 1713 1414 1748; x_wconf 89' lang='lat' dir='ltr'>interioris</span> <span class='ocrx_word' id='word_1_195' title='bbox 1442 1712 1608 1761; x_wconf 74' lang='lat' dir='ltr'>profunde</span> <span class='ocrx_word' id='word_1_196' title='bbox 1636 1720 1669 1749; x_wconf 91' lang='lat' dir='ltr'>et</span> <span class='ocrx_word' id='word_1_197' title='bbox 1695 1714 1759 1749; x_wconf 87' lang='lat' dir='ltr'>late</span> 
     </span>
     <span class='ocr_line' id='line_1_25' title="bbox 151 1769 1758 1820; baseline 0.004 -18"><span class='ocrx_word' id='word_1_198' title='bbox 151 1769 529 1816; x_wconf 84' lang='lat' dir='ltr'>excavato-impressae,</span> <span class='ocrx_word' id='word_1_199' title='bbox 570 1772 785 1807; x_wconf 81' lang='lat' dir='ltr'>excavatione</span> <span class='ocrx_word' id='word_1_200' title='bbox 813 1772 992 1813; x_wconf 81' lang='lat' dir='ltr'>sub-ovali,</span> <span class='ocrx_word' id='word_1_201' title='bbox 1027 1773 1058 1806; x_wconf 91' lang='lat' dir='ltr'>in</span> <span class='ocrx_word' id='word_1_202' title='bbox 1086 1772 1196 1807; x_wconf 86' lang='lat' dir='ltr'>medio</span> <span class='ocrx_word' id='word_1_203' title='bbox 1224 1771 1296 1814; x_wconf 83' lang='lat' dir='ltr'>lata,</span> <span class='ocrx_word' id='word_1_204' title='bbox 1333 1785 1451 1807; x_wconf 89' lang='lat' dir='ltr'>versus</span> <span class='ocrx_word' id='word_1_205' title='bbox 1477 1773 1606 1820; x_wconf 84' lang='lat' dir='ltr'>apicem</span> <span class='ocrx_word' id='word_1_206' title='bbox 1633 1773 1758 1808; x_wconf 88' lang='lat' dir='ltr'>mandi-</span> 
     </span>
     <span class='ocr_line' id='line_1_26' title="bbox 153 1827 1758 1881; baseline 0.003 -20"><span class='ocrx_word' id='word_1_207' title='bbox 153 1827 248 1862; x_wconf 86' lang='lat' dir='ltr'>bulae</span> <span class='ocrx_word' id='word_1_208' title='bbox 276 1828 467 1869; x_wconf 83' lang='lat' dir='ltr'>acuminata,</span> <span class='ocrx_word' id='word_1_209' title='bbox 490 1843 554 1863; x_wconf 78' lang='lat' dir='ltr'>mm</span> <span class='ocrx_word' id='word_1_210' title='bbox 583 1843 688 1878; x_wconf 86' lang='lat' dir='ltr'>usque</span> <span class='ocrx_word' id='word_1_211' title='bbox 720 1831 759 1866; x_wconf 86' lang='lat' dir='ltr'>ad</span> <span class='ocrx_word' id='word_1_212' title='bbox 786 1831 879 1866; x_wconf 90' lang='lat' dir='ltr'>basin</span> <span class='ocrx_word' id='word_1_213' title='bbox 908 1832 980 1877; x_wconf 89' lang='lat' dir='ltr'>ejus</span> <span class='ocrx_word' id='word_1_214' title='bbox 1006 1838 1151 1866; x_wconf 86' lang='lat' dir='ltr'>extensa.</span> <span class='ocrx_word' id='word_1_215' title='bbox 1204 1829 1433 1879; x_wconf 83' lang='lat' dir='ltr'>Palporum</span> <span class='ocrx_word' id='word_1_216' title='bbox 1463 1833 1510 1879; x_wconf 93' lang='lat' dir='ltr'>(in</span> <span class='ocrx_word' id='word_1_217' title='bbox 1538 1835 1645 1880; x_wconf 87' lang='lat' dir='ltr'>mare)</span> <span class='ocrx_word' id='word_1_218' title='bbox 1664 1846 1758 1881; x_wconf 75' lang='lat' dir='ltr'>pars</span> 
     </span>
     <span class='ocr_line' id='line_1_27' title="bbox 151 1885 1757 1938; baseline 0.003 -17"><span class='ocrx_word' id='word_1_219' title='bbox 151 1885 277 1921; x_wconf 76' lang='lat' dir='ltr'>tibialis</span> <span class='ocrx_word' id='word_1_220' title='bbox 305 1887 425 1928; x_wconf 82' lang='lat' dir='ltr'>brevis,</span> <span class='ocrx_word' id='word_1_221' title='bbox 459 1888 652 1937; x_wconf 78' lang='lat' dir='ltr'>cylindrica,</span> <span class='ocrx_word' id='word_1_222' title='bbox 693 1903 821 1924; x_wconf 85' lang='lat' dir='ltr'>summo</span> <span class='ocrx_word' id='word_1_223' title='bbox 857 1891 952 1938; x_wconf 85' lang='lat' dir='ltr'>apice</span> <span class='ocrx_word' id='word_1_224' title='bbox 993 1890 1155 1925; x_wconf 86' lang='lat' dir='ltr'>infnscato</span> <span class='ocrx_word' id='word_1_225' title='bbox 1183 1896 1216 1925; x_wconf 86' lang='lat' dir='ltr'>et</span> <span class='ocrx_word' id='word_1_226' title='bbox 1243 1891 1275 1924; x_wconf 89' lang='lat' dir='ltr'>in</span> <span class='ocrx_word' id='word_1_227' title='bbox 1302 1890 1404 1926; x_wconf 86' lang='lat' dir='ltr'>latere</span> <span class='ocrx_word' id='word_1_228' title='bbox 1447 1893 1611 1926; x_wconf 82' lang='lat' dir='ltr'>exteriore</span> <span class='ocrx_word' id='word_1_229' title='bbox 1639 1892 1757 1927; x_wconf 91' lang='lat' dir='ltr'>calcari</span> 
     </span>
     <span class='ocr_line' id='line_1_28' title="bbox 151 1947 1755 1997; baseline 0.004 -17"><span class='ocrx_word' id='word_1_230' title='bbox 151 1959 265 1993; x_wconf 87' lang='lat' dir='ltr'>parvo,</span> <span class='ocrx_word' id='word_1_231' title='bbox 292 1947 386 1994; x_wconf 86' lang='lat' dir='ltr'>apice</span> <span class='ocrx_word' id='word_1_232' title='bbox 415 1947 526 1982; x_wconf 89' lang='lat' dir='ltr'>bilobo</span> <span class='ocrx_word' id='word_1_233' title='bbox 554 1948 729 1990; x_wconf 58' lang='lat' dir='ltr'>instructo,</span> <span class='ocrx_word' id='word_1_234' title='bbox 754 1963 847 1997; x_wconf 71' lang='lat' dir='ltr'>pars</span> <span class='ocrx_word' id='word_1_235' title='bbox 873 1949 1015 1984; x_wconf 66' lang='lat' dir='ltr'>{amalis</span> <span class='ocrx_word' id='word_1_236' title='bbox 1040 1949 1190 1997; x_wconf 86' lang='lat' dir='ltr'>partibus</span> <span class='ocrx_word' id='word_1_237' title='bbox 1219 1948 1349 1985; x_wconf 82' lang='lat' dir='ltr'>duabus</span> <span class='ocrx_word' id='word_1_238' title='bbox 1377 1950 1651 1986; x_wconf 86' lang='lat' dir='ltr'>antecedentibus</span> <span class='ocrx_word' id='word_1_239' title='bbox 1676 1965 1755 1986; x_wconf 89' lang='lat' dir='ltr'>con-</span> 
     </span>
     <span class='ocr_line' id='line_1_29' title="bbox 152 2005 1754 2058; baseline 0.004 -19"><span class='ocrx_word' id='word_1_240' title='bbox 152 2006 268 2051; x_wconf 79' lang='lat' dir='ltr'>junctis</span> <span class='ocrx_word' id='word_1_241' title='bbox 292 2005 434 2047; x_wconf 82' lang='lat' dir='ltr'>brevior,</span> <span class='ocrx_word' id='word_1_242' title='bbox 461 2013 493 2041; x_wconf 86' lang='lat' dir='ltr'>et</span> <span class='ocrx_word' id='word_1_243' title='bbox 517 2007 554 2041; x_wconf 93' lang='lat' dir='ltr'>iis</span> <span class='ocrx_word' id='word_1_244' title='bbox 586 2020 701 2055; x_wconf 81' lang='lat' dir='ltr'>parum</span> <span class='ocrx_word' id='word_1_245' title='bbox 725 2009 829 2050; x_wconf 88' lang='lat' dir='ltr'>latior,</span> <span class='ocrx_word' id='word_1_246' title='bbox 870 2009 947 2043; x_wconf 77' lang='lat' dir='ltr'>tibia</span> <span class='ocrx_word' id='word_1_247' title='bbox 983 2008 1052 2044; x_wconf 86' lang='lat' dir='ltr'>fere</span> <span class='ocrx_word' id='word_1_248' title='bbox 1083 2010 1263 2056; x_wconf 80' lang='lat' dir='ltr'>angustior.</span> <span class='ocrx_word' id='word_1_249' title='bbox 1316 2008 1452 2043; x_wconf 69' lang='lat' dir='ltr'>Bulbus</span> <span class='ocrx_word' id='word_1_250' title='bbox 1479 2009 1576 2045; x_wconf 88' lang='lat' dir='ltr'>valde</span> <span class='ocrx_word' id='word_1_251' title='bbox 1605 2011 1754 2058; x_wconf 85' lang='lat' dir='ltr'>simplex,</span> 
     </span>
     <span class='ocr_line' id='line_1_30' title="bbox 153 2064 1754 2116; baseline 0.004 -18"><span class='ocrx_word' id='word_1_252' title='bbox 153 2070 243 2111; x_wconf 86' lang='lat' dir='ltr'>parte</span> <span class='ocrx_word' id='word_1_253' title='bbox 270 2064 378 2099; x_wconf 85' lang='lat' dir='ltr'>tarsali</span> <span class='ocrx_word' id='word_1_254' title='bbox 405 2066 518 2106; x_wconf 83' lang='lat' dir='ltr'>minor,</span> <span class='ocrx_word' id='word_1_255' title='bbox 546 2067 641 2113; x_wconf 85' lang='lat' dir='ltr'>apice</span> <span class='ocrx_word' id='word_1_256' title='bbox 669 2080 754 2103; x_wconf 86' lang='lat' dir='ltr'>unco</span> <span class='ocrx_word' id='word_1_257' title='bbox 785 2081 898 2116; x_wconf 86' lang='lat' dir='ltr'>parvo,</span> <span class='ocrx_word' id='word_1_258' title='bbox 926 2068 1061 2102; x_wconf 81' lang='lat' dir='ltr'>incurvo</span> <span class='ocrx_word' id='word_1_259' title='bbox 1090 2068 1269 2115; x_wconf 87' lang='lat' dir='ltr'>praeditus.</span> <span class='ocrx_word' id='word_1_260' title='bbox 1312 2089 1357 2094; x_wconf 94' lang='lat'>—</span> <span class='ocrx_word' id='word_1_261' title='bbox 1396 2068 1566 2116; x_wconf 80' lang='lat' dir='ltr'>Scopulae</span> <span class='ocrx_word' id='word_1_262' title='bbox 1592 2075 1754 2105; x_wconf 82' lang='lat' dir='ltr'>tarsorum</span> 
     </span>
     <span class='ocr_line' id='line_1_31' title="bbox 150 2124 618 2171; baseline 0.006 -14"><span class='ocrx_word' id='word_1_263' title='bbox 150 2124 182 2158; x_wconf 92' lang='lat' dir='ltr'>in</span> <span class='ocrx_word' id='word_1_264' title='bbox 210 2129 349 2171; x_wconf 85' lang='lat' dir='ltr'>utroque</span> <span class='ocrx_word' id='word_1_265' title='bbox 377 2137 459 2159; x_wconf 76' lang='lat' dir='ltr'>sexu</span> <span class='ocrx_word' id='word_1_266' title='bbox 486 2124 618 2160; x_wconf 84' lang='lat' dir='ltr'>densae.</span> 
     </span>
    </p>
   </div>
   <div class='ocr_carea' id='block_1_9' title="bbox 869 2261 1025 2348">
    <p class='ocr_par' dir='ltr' id='par_1_9' title="bbox 869 2261 1025 2348">
     <span class='ocr_line' id='line_1_32' title="bbox 869 2261 1025 2297; baseline 0 0"><span class='ocrx_word' id='word_1_267' title='bbox 869 2262 891 2297; x_wconf 91' lang='lat'>5</span> <span class='ocrx_word' id='word_1_268' title='bbox 919 2261 1025 2297; x_wconf 85' lang='lat' dir='ltr'><strong>CAP.</strong></span> 
     </span>
     <span class='ocr_line' id='line_1_33' title="bbox 898 2313 1004 2348; baseline -0.009 -10"><span class='ocrx_word' id='word_1_269' title='bbox 898 2314 933 2348; x_wconf 83' lang='lat' dir='ltr'>(p.</span> <span class='ocrx_word' id='word_1_270' title='bbox 953 2313 1004 2345; x_wconf 68' lang='lat'>83).</span> 
     </span>
    </p>
   </div>
   <div class='ocr_carea' id='block_1_10' title="bbox 268 2389 1633 2509">
    <p class='ocr_par' dir='ltr' id='par_1_10' title="bbox 268 2389 1633 2509">
     <span class='ocr_line' id='line_1_34' title="bbox 268 2389 1633 2447; baseline 0.004 -20"><span class='ocrx_word' id='word_1_271' title='bbox 268 2389 444 2428; x_wconf 80' lang='lat' dir='ltr'>Primum</span> <span class='ocrx_word' id='word_1_272' title='bbox 475 2391 523 2430; x_wconf 83' lang='lat' dir='ltr'>de</span> <span class='ocrx_word' id='word_1_273' title='bbox 555 2390 900 2434; x_wconf 73' lang='lat' dir='ltr'><strong><em>SALTATORJBUS</em></strong></span> <span class='ocrx_word' id='word_1_274' title='bbox 930 2394 1159 2446; x_wconf 63' lang='lat' dir='ltr'>generatim,</span> <span class='ocrx_word' id='word_1_275' title='bbox 1194 2399 1229 2431; x_wconf 87' lang='lat' dir='ltr'>et</span> <span class='ocrx_word' id='word_1_276' title='bbox 1262 2392 1398 2432; x_wconf 81' lang='lat' dir='ltr'>deinde</span> <span class='ocrx_word' id='word_1_277' title='bbox 1431 2392 1479 2432; x_wconf 83' lang='lat' dir='ltr'>de</span> <span class='ocrx_word' id='word_1_278' title='bbox 1506 2394 1633 2447; x_wconf 79' lang='lat' dir='ltr'>primo</span> 
     </span>
     <span class='ocr_line' id='line_1_35' title="bbox 721 2457 1179 2509; baseline 0.011 -11"><span class='ocrx_word' id='word_1_279' title='bbox 721 2457 885 2509; x_wconf 71' lang='lat' dir='ltr'>Genera,</span> <span class='ocrx_word' id='word_1_280' title='bbox 917 2462 996 2500; x_wconf 78' lang='lat' dir='ltr'>sive</span> <span class='ocrx_word' id='word_1_281' title='bbox 1031 2461 1179 2503; x_wconf 78' lang='lat' dir='ltr'>LUPJS.</span> 
     </span>
    </p>
   </div>
   <div class='ocr_carea' id='block_1_11' title="bbox 155 2546 1751 2660">
    <p class='ocr_par' dir='ltr' id='par_1_11' title="bbox 155 2546 1751 2660">
     <span class='ocr_line' id='line_1_36' title="bbox 300 2546 1751 2601; baseline 0.006 -19"><span class='ocrx_word' id='word_1_282' title='bbox 300 2546 446 2582; x_wconf 80' lang='lat' dir='ltr'>Familia</span> <span class='ocrx_word' id='word_1_283' title='bbox 474 2549 724 2596; x_wconf 72' lang='lat' dir='ltr'>Lycosidarum</span> <span class='ocrx_word' id='word_1_284' title='bbox 756 2549 885 2586; x_wconf 89' lang='lat' dir='ltr'>Sund.</span> <span class='ocrx_word' id='word_1_285' title='bbox 914 2551 1213 2601; x_wconf 72' lang='lat' dir='ltr'>(Citigradarnm</span> <span class='ocrx_word' id='word_1_286' title='bbox 1240 2551 1377 2601; x_wconf 81' lang='lat' dir='ltr'>Latr.)‚</span> <span class='ocrx_word' id='word_1_287' title='bbox 1402 2563 1510 2601; x_wconf 83' lang='lat' dir='ltr'>quam</span> <span class='ocrx_word' id='word_1_288' title='bbox 1539 2551 1751 2590; x_wconf 82' lang='lat' dir='ltr'>CLERCKIUS</span> 
     </span>
     <span class='ocr_line' id='line_1_37' title="bbox 155 2602 1750 2660; baseline 0.006 -22"><span class='ocrx_word' id='word_1_289' title='bbox 155 2602 188 2638; x_wconf 90' lang='lat' dir='ltr'>in</span> <span class='ocrx_word' id='word_1_290' title='bbox 214 2602 283 2640; x_wconf 89' lang='lat' dir='ltr'>hoc</span> <span class='ocrx_word' id='word_1_291' title='bbox 311 2605 394 2653; x_wconf 89' lang='lat' dir='ltr'>Cap.</span> <span class='ocrx_word' id='word_1_292' title='bbox 423 2610 559 2647; x_wconf 85' lang='lat' dir='ltr'>tractat,</span> <span class='ocrx_word' id='word_1_293' title='bbox 589 2607 746 2642; x_wconf 87' lang='lat' dir='ltr'>omnium</span> <span class='ocrx_word' id='word_1_294' title='bbox 775 2608 980 2646; x_wconf 86' lang='lat' dir='ltr'>difficillima</span> <span class='ocrx_word' id='word_1_295' title='bbox 1006 2614 1061 2646; x_wconf 87' lang='lat' dir='ltr'>est</span> <span class='ocrx_word' id='word_1_296' title='bbox 1087 2610 1132 2646; x_wconf 86' lang='lat' dir='ltr'>ad</span> <span class='ocrx_word' id='word_1_297' title='bbox 1160 2610 1440 2659; x_wconf 81' lang='lat' dir='ltr'>expediendum,</span> <span class='ocrx_word' id='word_1_298' title='bbox 1467 2623 1577 2659; x_wconf 87' lang='lat' dir='ltr'>quum</span> <span class='ocrx_word' id='word_1_299' title='bbox 1602 2617 1750 2660; x_wconf 86' lang='lat' dir='ltr'>propter</span> 
     </span>
    </p>
   </div>
  </div>
 </body>
</html>
