2435 3188
1676 242 1757 284 163

301 350 360 400 sp.
387 350 445 385 29.
499 349 564 385 Ar.
592 347 900 386 FORMICARIA
929 360 961 395 p.
991 347 1074 383 293.
1098 346 1147 382 Pl.
1178 347 1232 382 18.
1259 347 1341 397 figg.
1373 346 1478 382 1-5.

277 440 340 473 Syn.
364 439 469 466 Attus
492 437 713 466 formicarius
740 438 834 464 Walclc.
857 436 912 464 Ins.
935 436 999 472 Apt.
1023 434 1045 463 I.
1067 444 1092 472 p.
1117 438 1182 462 470.

359 487 513 516 Salticus
598 497 611 512 «
712 487 792 513 Sund.
816 486 876 512 Act.
900 484 992 511 Holm.
1020 488 1104 512 1832.
1127 493 1152 521 p.
1175 487 1242 512 200.

433 547 446 562 α
597 547 610 561 «
713 536 790 562 Koch.
812 534 863 561 Die
885 533 1002 561 Arachn.
1026 533 1107 560 XIII.
1130 543 1154 570 p.
1180 536 1225 561 33.
1248 533 1313 570 figg.
1340 535 1546 562 1101—1102).

434 597 446 611 ί(
598 596 611 610 (τ
718 585 808 610 Wescr.
832 583 893 610 Act.
916 582 1036 610 Gotllob.
1064 585 1148 610 1851.
1171 592 1196 619 p.
1222 586 1266 610 55.

590 648 793 698 [SALT1C1JS
820 645 865 681 fo
876 658 934 681 rm
945 645 955 681 i
968 658 1014 681 ea
1024 645 1059 681 ri
1070 658 1090 681 u
1099 658 1116 681 s
1148 645 1231 696 (De
1265 644 1408 695 Geerj]

297 810 356 858 sp.
387 809 443 845 30.
499 809 563 844 Ar.
594 806 780 843 CITREA.
805 818 838 854 p.
870 805 952 840 298.
980 804 1030 841 Pl.
1062 807 1117 842 18.
1148 806 1230 855 figg.
1261 806 1417 844 17-22.

278 899 336 932 ἦρι.
360 898 515 926 Araneus
539 894 652 923 vatius
674 895 766 921 Clerck.
790 894 873 921 Aran.
895 894 972 921 Suec.
994 903 1018 931 p.
1046 897 1108 922 128.
1132 894 1167 931 pl.
1193 898 1216 922 6.
1240 893 1294 921 tab.
1319 898 1343 921 5.

422 953 488 984 Cet.
512 951 574 982 vid.
599 962 628 992 p.
656 949 721 980 132.

696 1017 914 1067 [Tnoivnsus
940 1016 1084 1052 vatius
1114 1016 1298 1066 (Clerck.)]

295 1184 354 1231 Sp.
382 1181 439 1216 31.
492 1179 555 1214 Ar.
583 1175 1067 1213 FUSCO-MARGINATA.
1096 1189 1128 1225 p.
1156 1176 1238 1211 301.
1268 1176 1318 1212 ΡΙ.
1354 1178 1407 1212 18.
1435 1178 1493 1227 fig.
1519 1176 1678 1212 23—24.

270 1270 332 1304 Syn.
358 1268 600 1297 Philodromus
621 1265 960 1301 fusco-marginatus
982 1265 1063 1291 Sami.
1087 1265 1147 1292 Act.
1173 1264 1266 1292 Holm.
1292 1268 1377 1293 1832.
1400 1275 1425 1303 p.
1448 1269 1514 1293 224.

356 1320 518 1346 Artamus
541 1315 735 1344 corticinus
759 1316 834 1342 [soen.
859 1314 909 1341 Die
932 1314 1050 1342 Arachn.
1072 1314 1122 1341 IV.
1145 1323 1170 1351 p.
1195 1317 1240 1341 85.

351 1366 595 1395 Philodromus
618 1363 953 1400 fusco-marginatus
983 1365 1072 1390 Weslr.
1096 1364 1157 1391 Act.
1181 1363 1301 1391 Gothob.
1328 1367 1412 1391 1851.
1435 1374 1460 1402 p.
1485 1368 1530 1393 50.

520 1420 730 1470 [ARTAMUS
756 1418 1198 1468 fusco-marginatus
1225 1419 1300 1469 (De
1331 1419 1465 1469 Geer.)]

335 1536 368 1568 A
398 1532 554 1567 Kocmo
582 1542 772 1579 perperam
811 1529 964 1564 Philodr.
993 1528 1130 1565 [imbuto
1164 1529 1293 1565 Sund.
1329 1529 1516 1578 subjicitur
1542 1529 1632 1566 haec
1656 1529 1798 1579 species

187 1592 272 1641 (Die
300 1590 456 1627 Arachn.
482 1591 559 1625 XII.
590 1602 621 1638 p.
651 1588 731 1637 85)·.
759 1601 777 1624 a
806 1589 964 1625 WVALCK.
1000 1601 1088 1624 vero
1123 1590 1275 1625 Pleilodr.
1311 1591 1519 1639 caespiticolz‘
1551 1590 1632 1635 [Ins.
1658 1590 1742 1638 Apt.
1771 1589 1796 1624 Ι.

187 1664 217 1700 p.
244 1652 333 1699 555)
362 1650 421 1699 qui
449 1649 553 1684 etiam
581 1648 668 1684 alius
688 1652 750 1683 est.
781 1670 820 1676 —-
851 1650 930 1683 Art.
947 1649 1299 1695 ficscovmmgimccus
1323 1649 1407 1698 (De
1437 1649 1585 1699 Geer.)
1612 1648 1716 1684 valde
1735 1647 1798 1684 de·

185 1710 345 1759 planatus
382 1713 450 1750 est,
493 1707 618 1743 colore
658 1706 1034 1748 rnfescenti-cinere0‚
1079 1707 1458 1756 cephalothorace
1497 1707 1652 1743 tenuiter
1676 1707 1796 1757 nigro-

187 1768 400 1819 marginatoe
429 1768 577 1803 dorsum
605 1766 657 1802 ab
668 1766 861 1802 dominis
888 1778 908 1801 a
931 1765 1101 1802 lateribus
1124 1767 1324 1816 sejungitur
1342 1767 1434 1802 linea
1450 1766 1795 1817 fusco-ferruginea,

184 1832 296 1865 totum
320 1827 503 1863 abdomen
532 1825 701 1875 cingenti,
728 1825 820 1861 intus
845 1829 994 1875 anguste
1019 1825 1333 1875 albo-marginata,
1362 1826 1477 1862 antice
1503 1833 1537 1863 et
1565 1827 1600 1862 in
1626 1825 1795 1862 lateribus

183 1887 394 1936 plerumque
422 1885 589 1934 abrupta,
617 1885 653 1921 in
679 1884 883 1932 junioribus
912 1884 1143 1926 evidentiore,
1173 1898 1279 1934 quam
1298 1886 1333 1922 in
1355 1886 1492 1922 adultis.
1528 1885 1602 1922 Sub
1624 1887 1689 1921 hac
1702 1884 1795 1920 linea

184 1946 315 1982 fuscius
350 1950 404 1981 est
432 1944 631 1985 abdomen,
674 1953 787 1979 ventre
820 1949 939 1980 tamen
970 1943 1098 1979 clarius
1130 1948 1307 1980 testaceo—
1334 1945 1392 1980 vel
1422 1944 1790 1981 rusescenti-cinereo.

184 2005 328 2041 Pedes
358 2004 392 2040 in
417 2003 622 2051 ‚junioribus
652 2002 944 2043 fusco-mmulati;
970 2002 1004 2038 in
1031 2011 1050 2044 3
1076 2016 1164 2039 vero
1193 2003 1311 2039 adulta
1339 2004 1459 2040 annuli
1477 2004 1593 2040 minus
1609 2004 1794 2039 evidentes

183 2067 280 2106 sunt,
307 2063 341 2098 in
368 2067 497 2111 puncta
525 2067 560 2098 et
587 2062 743 2098 maculas
769 2061 981 2110 plerumque
1006 2062 1150 2098 divulsi:
1176 2062 1314 2098 femora
1330 2063 1444 2098 antica
1465 2063 1590 2099 subtus
1606 2063 1699 2098 linea
1714 2062 1792 2097 lon-

184 2122 365 2168 gitudinali
391 2121 490 2157 fusca
516 2121 573 2157 vel
601 2122 701 2171 nigra
728 2125 854 2156 notata.
892 2129 926 2165 0⁷¹
959 2123 1012 2156 ml.
1040 2121 1154 2169 pedes
1192 2122 1413 2163 unicolores,
1448 2122 1791 2157 cinereo-testaceos

183 2170 299 2217 liabet.
352 2180 474 2229 Palpi
501 2182 579 2228 ejus
607 2185 725 2229 partes
744 2181 953 2229 patellas-em
981 2184 1015 2215 et
1042 2180 1189 2216 tibialem
1219 2180 1447 2216 brevissimas
1474 2180 1590 2222 habet,
1617 2180 1791 2215 diametro

185 2240 246 2276 vix
268 2240 466 2288 longiores,
495 2238 585 2275 hane
611 2239 712 2288 spina
739 2239 855 2274 valida
880 2239 915 2274 in
942 2238 1052 2274 latere
1081 2239 1264 2275 exteriore
1292 2244 1478 2281 armatann
1506 2240 1634 2275 lamina
1663 2250 1791 2288 magna

186 2303 254 2340 est,
289 2298 398 2334 latere
436 2298 617 2334 exteriore
651 2298 753 2334 valde
789 2298 937 2333 dilatata.
991 2298 1124 2333 Balbus
1151 2311 1318 2345 magnus,
1352 2298 1522 2347 simplex,
1552 2298 1713 2334 muticus.
1745 2320 1789 2325 —

188 2358 350 2405 Epigyne
377 2369 424 2393 ex
451 2357 589 2393 macula
617 2361 754 2393 constat
791 2355 1128 2405 fusco-ferruginea,
1155 2357 1412 2400 sub-rotunda,
1453 2358 1590 2407 postice
1617 2357 1792 2406 impressa

187 2420 222 2450 et
248 2415 359 2451 foveis
387 2415 525 2452 duabus
552 2415 846 2465 longitudalibus,
875 2416 1088 2464 majoribus,
1118 2416 1232 2453 antiee
1257 2416 1441 2453 latioribus
1468 2421 1597 2453 notata.
