2435 3188
1656 244 1736 285 115

339 354 465 391 Iisdem
490 351 564 387 fere
591 350 690 391 locis,
717 348 849 398 quibus
875 350 918 385 L.
946 349 1134 388 monticola,
1162 346 1374 395 plerumque
1413 350 1530 382 tamen
1568 350 1679 393 magis
1706 349 1791 386 her-

190 417 293 458 bosis,
333 413 445 449 minus
475 409 598 450 aridis,
633 407 818 444 invenitur.
883 406 1007 443 Paullo
1042 405 1155 455 magis
1190 405 1347 441 serotina
1383 409 1453 443 est,
1499 418 1604 453 quam
1633 407 1697 443 illa.
1752 410 1789 444 In

190 472 357 524 Uplandia
382 474 435 506 sat
461 468 640 517 frequens.

332 572 481 607 LYCOSA
508 572 681 618 sanciam-a
709 565 872 602 Walck.
904 588 952 594 -
981 565 1093 613 Long.
1110 564 1292 614 (5—6Q.)
1321 563 1451 599 minim.
1468 566 1535 613 (ῼ);
1564 565 1586 600 5
1614 566 1694 602 mill.
1713 569 1790 617 (J)

267 662 328 694 Syn.
352 659 480 696 Lycosa
503 656 680 692 saccigera
707 656 802 682 Walclc.
826 655 881 682 Ins.
907 655 970 690 Apt.
994 653 1015 681 Ι.
1038 663 1063 690 p.
1088 656 1143 680 327
1169 653 1273 685 (saltem
1298 653 1331 680 ad
1355 656 1477 690 partem).

414 718 427 732 «
581 715 593 729 υ
708 705 799 731 Westr.
823 705 883 731 Act.
906 703 1028 731 Gothob.
1055 705 1139 730 1851.
1162 712 1187 740 p.
1213 706 1257 729 52.

331 781 454 821 Fusca,
496 776 793 827 cephalothorace
833 788 940 824 supra
968 775 1068 812 lineis
1093 775 1224 817 tribus,
1261 775 1558 819 olivaceo-flavis,
1588 777 1706 813 media
1743 778 1791 813 la-

186 841 290 881 tiore,
330 840 444 875 antice
487 837 702 877 acmninata3
743 835 898 884 pedibus
937 834 1151 884 plerumque
1189 834 1494 871 fusco—maculatis
1526 840 1561 872 et
1592 837 1792 878 -annulatis‚

185 898 477 939 olivaceo-flavis;
520 895 714 932 abdomine
741 894 857 930 antice
884 893 978 930 linea
1004 892 1234 935 sub-hastata,
1263 893 1524 936 sub-testacea,
1556 894 1790 944 albicanti-pi-

186 958 270 1000 losa,
298 957 507 1006 punctisque
535 954 747 991 flaventibus
764 953 910 1003 nigrore
925 952 1126 1000 conjunctis
1148 952 1181 988 in
1199 957 1298 1001 parte
1326 953 1472 1001 postica,
1500 954 1535 989 in
1563 954 1652 990 duas
1677 955 1791 990 series

189 1017 376 1066 dispositis.
407 1038 452 1043 -—
481 1025 498 1057 2
525 1014 580 1050 ad.

326 1075 448 1112 Descr.
476 1084 495 1116 2
521 1077 575 1110 ad.
603 1096 646 1101 ——
673 1073 905 1121 Magnitudine
929 1079 960 1108 et
988 1073 1127 1120 partium
1154 1070 1223 1105 sere
1248 1072 1391 1105 omnium
1418 1071 1611 1107 formatione
1636 1073 1678 1108 L.
1698 1087 1789 1107 mon-

186 1136 302 1170 ticolae
328 1136 501 1176 simillium,
526 1148 542 1169 a
574 1147 635 1181 qua
668 1133 774 1168 differt
800 1134 958 1180 imprimis
987 1137 1147 1166 structura
1177 1135 1353 1177 epigynes,
1382 1143 1466 1178 quae
1494 1131 1610 1166 eadem
1638 1132 1706 1167 l'ere
1733 1141 1793 1173 est,

186 1201 283 1242 atque
313 1196 342 1229 in
366 1194 411 1230 L.
440 1194 573 1229 cars-ali.
629 1191 768 1227 Constat
793 1193 879 1227 enim
918 1205 959 1226 ex
986 1204 1059 1225 area
1097 1191 1240 1236 majore,
1272 1189 1414 1231 elevata,
1442 1190 1598 1226 lateribus
1632 1190 1672 1225 ad
1699 1191 1792 1226 basin

186 1254 247 1288 late
284 1254 481 1302 explanatis,
519 1252 645 1300 angulis
683 1251 880 1291 rotundatis,
916 1250 1137 1298 impressione
1175 1248 1416 1296 longbudinali,
1459 1250 1536 1291 lata,
1571 1250 1732 1298 profunda
1761 1251 1792 1284 in

187 1312 311 1354 medio,
345 1312 540 1359 duabusque
578 1311 716 1346 soveolis
744 1312 774 1345 in
808 1311 953 1357 margine
982 1309 1083 1344 basali
1111 1313 1231 1342 notata.
1286 1306 1431 1342 Diversa
1459 1314 1509 1343 est
1535 1315 1707 1356 praeterea
1734 1322 1791 1344 co-

187 1372 256 1407 lore
275 1373 421 1420 pedum,
450 1372 605 1406 linearum
632 1369 938 1419 cephalollzoracis,
967 1368 1081 1403 frontis
1108 1368 1170 1402 sub
1198 1367 1318 1408 oculis,
1342 1380 1569 1415 genarumque
1594 1369 1704 1410 latius,
1731 1369 1791 1403 oli-

186 1431 410 1472 vaceo-flavo,
443 1431 473 1464 in
502 1429 829 1477 {errugineo—ssavum
867 1427 1029 1463 interdum
1074 1428 1222 1468 exeunti,
1264 1440 1339 1461 area
1378 1428 1462 1461 inter
1495 1427 1612 1463 oculos
1640 1433 1793 1476 quattuor

186 1491 335 1538 posticos
361 1489 435 1538 pilis
463 1488 633 1524 ochraceis
668 1494 772 1530 tecta,
809 1489 891 1523 linea
918 1487 1029 1521 media
1057 1485 1346 1534 cephalotlioraeis
1378 1487 1508 1534 postice
1537 1486 1630 1521 latior
1658 1500 1793 1535 quoque

187 1555 252 1591 est,
279 1550 384 1583 minus
410 1548 555 1590 definita,
581 1549 635 1583 vix
664 1560 805 1596 unquam
833 1549 914 1582 intra
939 1546 1057 1581 oculos
1084 1550 1257 1593 protensa,
1283 1558 1399 1580 omnes
1428 1551 1494 1579 tres
1518 1545 1592 1592 pilis
1614 1546 1793 1581 rarioribus

186 1607 400 1642 albicantibus
431 1608 583 1649 vestitae,
624 1608 678 1655 qui
709 1613 817 1642 tamen
853 1606 1051 1654 plerumque
1080 1604 1187 1639 detriti
1224 1610 1307 1639 sunt.
1361 1603 1501 1639 Pedes
1529 1604 1792 1639 fusco-maculati

187 1667 426 1714 -annulatique,
453 1673 488 1701 ut
514 1668 543 1701 in
565 1667 606 1701 L.
627 1666 823 1707 monticola,
850 1665 975 1700 annulis
1003 1678 1083 1700 vero
1113 1677 1216 1711 saepe
1242 1663 1375 1705 deletis,
1400 1665 1453 1698 vix
1472 1665 1670 1712 conspicuis.
1711 1664 1791 1699 Ab·

188 1726 368 1760 dominis
396 1727 522 1773 pictura
542 1726 609 1761 sere
630 1725 757 1767 eadem,
775 1731 874 1773 atque,
894 1726 924 1759 in
943 1725 1004 1767 illa,
1030 1725 1136 1759 minus
1155 1729 1262 1758 tamen
1282 1735 1458 1771 expressa,
1483 1723 1564 1757 linea
1586 1723 1791 1758 sub-hastata

188 1786 318 1832 nigrore
344 1785 447 1819 minus
478 1785 562 1819 bene
589 1785 718 1820 delinita
743 1791 813 1826 est,
840 1783 975 1818 densius
1003 1783 1297 1830 albicanti-pilosa3
1324 1788 1446 1830 puncta
1474 1783 1505 1817 in
1533 1782 1635 1818 dorso
1662 1784 1791 1830 postico

188 1844 383 1892 plerumque
415 1843 572 1885 flaventia,
601 1846 703 1880 rarius
732 1844 913 1879 albicantia.
966 1841 1088 1877 Latera
1115 1841 1302 1877 abdominis
1330 1841 1477 1876 flaventi·
1507 1847 1540 1877 et
1567 1841 1793 1877 fusco-macu-

189 1904 259 1938 lata.
319 1902 440 1938 Venter
465 1902 567 1937 dense
592 1903 964 1951 albicanti-pubescens.
1018 1901 1183 1950 Epigyne
1208 1900 1494 1948 ferrugineo-rufa.

338 1962 420 1997 Mas
447 1961 523 1995 milii
556 1963 697 2009 ignotus.
750 1961 836 2008 Ejus
868 1974 949 1996 vero
984 1960 1243 2009 descriptionem
1283 1961 1511 2008 insequentem
1543 1959 1573 1993 in
1605 1959 1705 1994 literis
1732 1959 1791 1993 be-

189 2020 286 2068 nigne
312 2033 441 2055 mecum
483 2022 734 2056 communicavit
774 2020 1076 2055 WESTRINGlUs:
1117 2020 1226 2053 «Mas
1261 2019 1368 2066 spatio
1406 2018 1533 2054 frontali
1566 2019 1649 2052 inter
1676 2017 1792 2052 oculos

190 2080 286 2115 seriei
313 2079 478 2115 secundae
512 2086 544 2115 et
573 2081 713 2128 primae,
740 2080 815 2115 loco
841 2080 941 2128 pubis
977 2078 1160 2114 ochraceae
1189 2092 1214 2113 s.
1241 2078 1462 2119 orichalceae,
1492 2077 1583 2125 pube
1611 2076 1718 2112 albida
1743 2076 1792 2110 di-

191 2139 396 2174 stinctissima
421 2140 556 2180 vestite,
584 2139 726 2187 palpis
753 2139 866 2174 colore
893 2138 1034 2186 pedum,
1061 2137 1197 2172 articulo
1224 2135 1335 2171 tibiali
1364 2137 1525 2178 fusciore,
1552 2149 1614 2170 una
1639 2148 1713 2170 cum
1741 2135 1792 2169 la-

192 2202 285 2232 mina
311 2198 472 2233 ordinaria
514 2211 764 2246 quaquaversus
791 2198 895 2233 dense
935 2197 1103 2244 longeque
1139 2195 1385 2243 nigro-pilosis,
1423 2195 1497 2244 pilis
1525 2196 1554 2229 in
1583 2195 1699 2228 lamina
1725 2207 1791 2228 non

191 2256 296 2290 solum
334 2257 395 2291 sub
430 2258 542 2305 apice,
580 2257 640 2292 sed
667 2258 762 2292 etiam
793 2258 856 2293 sub
886 2257 957 2292 basi
991 2261 1023 2290 et
1054 2267 1198 2302 superne
1227 2254 1456 2302 longiusculis,
1491 2253 1686 2301 insimulque
1714 2253 1792 2287 sub-

192 2315 378 2361 patentibus
411 2329 435 2350 s.
464 2317 598 2357 erectis,
637 2315 780 2351 membro
804 2315 951 2362 genitali
981 2314 1022 2349 ad
1051 2320 1178 2362 partem
1206 2313 1516 2361 piceo-rufescenti,
1546 2314 1689 2361 spinam,
1716 2325 1791 2347 sen-

193 2374 252 2407 sim
277 2375 505 2416 acuminatam,
533 2375 777 2410 sub-arcuatam
804 2375 960 2410 deorsum
992 2374 1165 2415 emittenti3
1189 2372 1368 2420 pedibus
1399 2372 1701 2412 flavo-virentibus,
1732 2372 1792 2405 im-

195 2431 377 2474 maculatis,
411 2433 524 2467 saltem
559 2446 623 2468 non
648 2434 709 2468 nisi
735 2435 765 2469 in
793 2434 974 2469 semoribus
1007 2433 1156 2468 vivorum
1184 2445 1327 2480 superne
1355 2433 1470 2468 umbra
1496 2430 1718 2479 longitudinali
1745 2431 1792 2464 in-

197 2488 361 2525 fuscatis.»

341 2549 377 2583 A
402 2548 443 2583 L.
474 2549 651 2584 monticola
678 2553 713 2584 et
738 2550 780 2585 L.
810 2551 936 2586 tarsali
960 2548 1214 2586 internoscitur
1238 2547 1344 2597 igitur
1367 2546 1491 2582 colore
1518 2546 1792 2583 olivaceo-flavo

201 2605 331 2652 pedum
358 2613 392 2642 et
418 2605 626 2641 lineolarum
647 2606 962 2654 cephalothoracis,
990 2620 1139 2657 quarum
1165 2606 1283 2644 media
1311 2606 1448 2655 postice
1476 2605 1586 2641 multo
1606 2606 1709 2642 latior
1729 2609 1792 2646 est,
