2435 3188
1626 249 1704 289 157

262 360 320 408 sp.
349 358 379 394 6.
434 358 496 392 Ar.
523 352 886 391 TUBERCULATA.
916 365 948 401 p.
976 353 1059 388 226.
1087 352 1137 388 Pl.
1167 352 1223 388 13.
1251 354 1332 402 figg.
1364 354 1467 388 1-9.

243 448 304 480 Syn.
326 443 521 472 Theridium
545 441 675 478 apliane
703 443 796 468 Walck.
819 440 874 468 Ins.
898 441 961 477 Apt.
986 440 1022 467 ΙΙ.
1045 450 1069 477 p.
1094 443 1159 467 330.

326 494 388 521 Ero
409 491 626 520 tnberculatn
651 491 725 517 Isos-h.
749 490 799 517 Die
822 489 940 517 Arachn.
962 489 1028 517 ΧΠ.
1052 499 1076 526 p.
1104 492 1166 518 107.
1189 490 1233 525 fig.
1262 493 1344 517 1034.
1366 499 1391 516 α.
1414 492 1440 515 et
1462 491 1484 515 b.

354 553 367 566 «ι
409 540 575 569 atomaria
667 542 698 566 id.
822 538 887 566 ibid.
972 549 996 575 p.
1025 542 1085 566 100.
1109 539 1153 574 fig.
1180 542 1263 566 1033.

614 601 719 651 [Eno
745 600 1031 636 tuborculata
1060 601 1132 646 (De
1164 600 1301 651 Geer.)]

307 712 517 749 Folliculum
555 723 706 747 ovorum
741 711 829 747 alius
867 710 1055 758 cujusdam
1084 723 1237 746 araneae
1278 709 1506 759 pullulosque
1541 720 1590 744 ex
1629 706 1671 742 iis
1697 718 1761 741 ex-

165 773 281 809 clusos
309 770 494 820 descripsit
522 774 556 806 et
582 770 743 818 depinxit
769 771 827 806 DE
856 772 1013 807 GEERUS
1041 783 1074 819 p.
1098 770 1308 806 229-231.
1332 768 1383 805 Pl.
1414 770 1468 804 13.
1493 768 1576 817 figg.
1605 766 1760 802 10—15.

164 831 234 867 Vix
274 831 470 866 Theridizcm
511 829 655 878 aliquod
697 841 766 865 ova
800 829 856 865 illa
889 834 1093 878 pepererat,
1133 833 1171 865 ut
1197 829 1357 865 WALCK.
1393 827 1594 876 suspicatus
1628 829 1695 864 est:
1729 823 1763 859 in

165 889 402 938 descriptione
438 888 531 924 enim
568 888 747 937 pullorum
775 887 865 924 haec
895 889 979 925 dicit
1008 889 1068 925 DF.
1097 890 1271 924 Gra-Rus:
1299 886 1375 923 «les
1402 886 1476 922 huit
1502 897 1622 935 yenx,
1643 885 1764 933 place's

164 952 185 984 ὰ
202 964 273 998 peu
288 953 373 998 prins·
399 963 461 984 sur
486 950 573 984 deux
599 948 706 994 lignes
733 950 993 989 transversales,
1031 947 1165 984 (Stoient
1201 946 1351 996 grands,
1379 945 1478 982 noirS
1506 950 1541 981 et
1565 944 1764 991 tres-appa-

163 1020 279 1044 rens.»
315 1031 359 1036 —
388 1008 467 1056 Ego
495 1006 689 1042 folliculum
727 1006 849 1048 talem,
890 1007 1167 1056 ampullaceum,
1205 1006 1331 1042 subtus
1360 1005 1523 1054 planum,
1556 1004 1592 1040 in
1625 1000 1763 1038 ramulo

165 1066 288 1102 abietis
315 1066 461 1102 affixum
488 1065 606 1101 inveni
632 1065 883 1114 (asuspendue
910 1067 931 1102 ὴ
958 1066 1023 1102 des
1050 1066 1140 1116 tiges
1171 1065 1217 1101 de
1244 1077 1394 1115 gramen
1421 1068 1456 1100 et
1483 1063 1637 1099 d'autres
1666 1060 1763 1109 plan-

164 1132 257 1162 tes»:
298 1125 357 1161 DE
398 1126 541 1170 Gna),
580 1137 660 1160 cnm
689 1124 930 1173 descriptione
960 1132 995 1161 et
1022 1126 1078 1175 fig.
1112 1127 1156 1160 10
1184 1125 1244 1161 DE
1273 1126 1400 1160 GEEm
1435 1122 1582 1158 omnino
1611 1131 1765 1168 congru-

164 1189 297 1226 entem,
325 1197 370 1220 eo
399 1188 571 1233 excepto,
601 1183 700 1232 quod
729 1196 859 1232 scapus
885 1184 957 1226 ille,
987 1197 1059 1233 quo
1088 1184 1226 1220 ramulo
1254 1195 1419 1220 annexus
1447 1186 1531 1224 erat,
1560 1179 1706 1217 brevior
1733 1182 1767 1212 et

165 1243 317 1280 crassior
340 1248 393 1279 est
421 1244 505 1291 (2¹s2
540 1242 670 1279 millim.
694 1245 832 1293 longus,
859 1244 1034 1279 diametro
1062 1245 1077 1278 1
1109 1243 1259 1285 millim.;
1288 1242 1462 1278 diameter
1484 1240 1595 1289 ipsius
1621 1236 1766 1274 folliculi

165 1303 303 1339 circiter
329 1303 396 1350 6¹4,
429 1301 594 1350 millim.);
631 1315 698 1338 ova
727 1302 933 1338 continebat
973 1302 1029 1338 hic
1056 1302 1233 1339 folliculus
1261 1314 1313 1338 (πει
1351 1302 1415 1342 30,
1448 1300 1553 1341 flava,
1587 1311 1608 1334 e
1636 1296 1767 1346 quibus

166 1361 285 1411 pulluli
313 1360 607 1403 excludebantur,
635 1361 658 1397 ii
687 1374 834 1411 quoque
892 1377 1005 1409 garae
1033 1366 1071 1399 45
1096 1363 1156 1398 DE
1186 1363 1313 1397 szm
1339 1359 1520 1401 simillimi,
1560 1357 1620 1407 qui
1647 1359 1765 1392 autem

166 1421 398 1471 Arzyphaenae
422 1430 644 1457 accentuatae
670 1433 750 1456 esse
776 1421 956 1463 videntur;
985 1434 1091 1471 quam
1120 1421 1167 1457 ob
1195 1433 1272 1456 rem
1298 1419 1441 1456 inclinat
1468 1418 1622 1458 animus,
1650 1420 1687 1451 ut
1712 1426 1767 1450 ar-

164 1480 281 1521 bitrer,
309 1480 368 1516 DE
395 1480 564 1516 GEERUM
600 1480 765 1527 ejusdem
793 1480 927 1529 speciei
954 1481 1137 1517 sacculum
1175 1492 1330 1516 ovorum
1364 1484 1471 1528 atque
1506 1476 1661 1527 pullulos
1689 1477 1768 1509 ante

167 1539 291 1575 oculos
317 1537 494 1575 habuisse.

270 1676 328 1724 Sp.
359 1676 389 1713 7.
442 1677 509 1712 Ar.
539 1675 733 1712 ooN1CA.
759 1689 792 1725 p.
818 1678 902 1712 231.
932 1676 982 1712 Pl.
1014 1677 1068 1712 13.
1097 1677 1179 1727 figg.
1213 1678 1368 1712 16-20.

247 1764 309 1798 Syn.
335 1763 457 1802 Epeira
480 1765 597 1792 conica
619 1765 699 1792 Suml.
722 1766 783 1792 Act.
808 1765 901 1792 llolm.
928 1768 1011 1793 1832.
1034 1775 1058 1802 p.
1084 1769 1149 1793 248.

619 1816 701 1842 Hahn.
724 1815 775 1842 Die
798 1814 914 1842 Arachn.
938 1815 975 1842 II.
998 1824 1023 1851 p.
1048 1818 1092 1841 45.
1116 1815 1160 1851 fig.
1186 1818 1251 1843 130.

623 1865 717 1890 Walct'c.
740 1863 795 1892 Ins.
819 1864 883 1901 Apt.
907 1864 944 1891 II.
967 1874 991 1901 p.
1019 1867 1082 1892 138.

327 1912 432 1948 Singa
540 1924 552 1937 ι(
620 1914 695 1940 Koch.
719 1913 770 1941 Die
793 1914 911 1941 Arachn.
934 1913 983 1941 XI.
1006 1924 1031 1951 p.
1057 1917 1120 1942 145.
1144 1914 1208 1950 figg.
1232 1915 1400 1942 943—945.

330 1962 451 1999 Epeira
540 1975 551 1986 «ι
625 1964 715 1989 Wesrr.
739 1963 799 1990 Act.
822 1963 941 1990 Gothob.
968 1966 1052 1991 1851.
1074 1973 1099 2000 p.
1124 1966 1169 1991 35.

644 2018 813 2068 [EPEIRA
843 2018 999 2054 conica
1025 2018 1108 2069 (De
1139 2018 1283 2069 Geerj]

268 2163 327 2211 Sp.
356 2163 388 2198 8.
442 2163 506 2198 Ar.
540 2162 1008 2200 VIRIDIS-PUNCTATA.
1039 2175 1070 2211 p.
1100 2162 1183 2198 233.
1210 2160 1260 2197 Pl.
1291 2163 1346 2197 14.
1380 2161 1462 2210 figg.
1496 2161 1599 2195 1-3.

250 2251 311 2284 Syn.
334 2250 487 2278 Araneus
509 2250 748 2279 cucurbitinus
770 2252 861 2279 Clare-lc.
886 2251 968 2278 Aran.
991 2251 1068 2278 Suec.
1092 2259 1117 2287 p.
1141 2253 1186 2276 44.
1209 2248 1245 2286 pl.
1269 2252 1293 2276 2.
1317 2248 1371 2276 tab.
1397 2253 1420 2276 4.

396 2304 460 2336 Cet.
486 2305 548 2336 vid.
573 2317 601 2347 p.
626 2306 673 2335 85.

617 2364 787 2415 [EPEIRA
817 2378 835 2401 c
845 2378 895 2401 uc
907 2378 928 2401 u
938 2378 956 2401 r
966 2364 1077 2401 bitin
1087 2377 1107 2400 a
1135 2363 1319 2414 (Clerclc.)]

273 2498 331 2547 sp.
361 2500 392 2534 9.
447 2501 511 2535 Ar.
542 2500 708 2536 FusoA.
735 2512 767 2548 p.
795 2501 877 2536 235.
908 2499 958 2535 Pl.
990 2501 1043 2536 11.
1070 2500 1152 2550 figg.
1180 2501 1312 2536 9-12.

254 2572 315 2604 Syn.
338 2572 460 2608 Epeira
482 2573 652 2601 inclinata
674 2573 747 2601 var.
770 2573 794 2601 b.
817 2574 898 2601 Sund.
921 2574 982 2601 Act.
1006 2573 1099 2602 Holm.
1126 2577 1211 2602 1832.
1234 2584 1258 2612 p.
1283 2578 1348 2602 250.

337 2620 427 2647 Meta
453 2621 622 2649 merianae
644 2624 720 2650 Koch.
743 2623 794 2650 Die
815 2622 931 2650 Aracha.
955 2623 1034 2650 VIII.
1056 2632 1081 2660 p.
1108 2626 1170 2651 121.
1194 2624 1257 2660 figg.
1282 2627 1448 2652 688—690.
