2435 3188
726 277 810 318 2’78

673 385 824 422 Habitat
854 383 889 419 in
923 382 1012 418 locis
1045 383 1161 424 cultis,
1201 381 1248 416 ad
1287 395 1411 418 muros
1446 386 1481 417 et
1507 380 1640 417 rudera
1664 394 1730 430 per
1755 382 1939 431 Europam
1968 381 2123 418 mediam
2152 386 2187 417 et
2213 394 2275 418 au-

749 443 901 484 stralem,
931 448 968 478 ut
993 442 1028 478 in
1056 440 1228 489 Hispania
1255 442 1382 487 (Lag,
1410 442 1559 487 Lange),
1587 440 1702 476 Gallia
1727 442 1851 486 (Gren.
1878 450 1910 476 et
1942 442 2075 487 Gothus,
2097 440 2277 477 Britannia

748 502 956 550 (Babingt.),
986 499 1182 536 Germania
1207 499 1299 547 apud
1326 498 1514 547 Hamburg
1545 503 1580 534 et
1603 498 1639 534 in
1669 498 1872 548 Helgoland
1899 505 1955 545 (ex
1972 502 2112 549 exempl.
2131 506 2165 535 in
2186 499 2275 536 herb.

748 564 804 599 Al.
833 563 973 600 Braun,
1011 560 1112 595 Fries
1139 567 1172 593 et
1202 558 1375 603 Sonder.),
1411 557 1509 593 ltalia
1536 558 1720 603 (Parlat.)‚
1759 558 1912 593 Graecia
1942 559 2067 604 (Sibtlz.
2093 568 2127 595 et
2154 558 2275 600 Smitlz,

749 624 871 668 BQ),
901 618 1004 654 etiam
1031 617 1066 652 in
1095 615 1225 652 Suecia
1252 615 1344 651 circa
1373 615 1501 664 Upsala
1531 616 1625 651 1844
1663 617 1740 661 (sed
1764 630 1839 651 cum
1859 617 2060 664 fruticibus
2093 633 2134 653 ex
2167 618 2277 653 Ham-

749 680 839 726 burg
861 678 1059 713 introducta
1085 685 1119 712 et
1144 690 1233 710 rtmw
1257 680 1465 720 exstinctaj:
1495 687 1560 722 per
1586 674 1710 709 Asiam
1738 674 2012 719 occidentalem,
2043 680 2080 712 ut
2103 676 2139 712 in
2171 675 2277 724 Syria

750 737 854 786 (herb.
888 737 1069 771 Delessert.
1101 744 1135 771 et
1171 733 1278 769 Webb.
1310 748 1372 769 sec.
1409 734 1586 778 Parlat.)‚
1628 732 1764 768 Arabia
1807 733 1911 779 (herb.
1950 750 2033 771 mus.
2069 737 2186 771 Paris.
2213 749 2275 770 sec.

751 797 922 839 Parlat.),
963 793 1063 829 India
1098 793 1261 829 orientali
1299 791 1403 838 (berb.
1435 807 1518 827 mus.
1544 793 1693 837 Berolj:
1733 792 1768 827 in
1811 792 1934 828 Africa
1973 793 2126 836 boreali,
2168 797 2204 829 ut
2241 793 2277 828 in

748 856 921 903 Aegypto
951 853 1055 900 (herb.
1085 851 1234 888 Ehrenb.
1263 860 1296 887 et
1322 852 1476 886 Bolssier
1502 857 1537 887 in
1561 850 1651 886 herb.
1680 852 1761 896 Fr.)

823 964 942 999 Radix
979 976 1099 1004 annua,
1133 963 1282 1011 simplex.
1353 963 1471 999 Cazslesss
1506 968 1637 997 erectus
1676 961 1728 996 vel
1771 961 1923 1003 diffusus,
1958 976 2072 1010 parurn
2113 976 2278 1004 ramosus,

674 1024 861 1071 angulatus,
894 1023 1120 1070 glaucescens.
1186 1022 1288 1057 Folia
1320 1022 1581 1069 glamescentia,
1623 1033 1663 1055 ex
1695 1021 1825 1068 petiolis
1861 1021 1998 1068 trigonis
2037 1035 2181 1070 superne
2208 1022 2277 1057 fere

675 1083 893 1119 caualiculatis
923 1082 1182 1129 bipinuatisecta,
1208 1081 1330 1116 laciniis
1362 1081 1548 1121 linearibus,
1576 1079 1651 1127 plus
1676 1080 1826 1114 minusve
1854 1082 2009 1127 angustis,
2040 1081 2278 1123 crassiusculiS,

676 1142 911 1181 canaliculatis,
952 1140 1179 1180 a(·utiusculis;
1221 1141 1335 1188 petioli
1375 1139 1560 1175 secundarii
1601 1138 1763 1173 interdum
1804 1138 2148 1174 cirrhoso-convoluti.
2203 1140 2277 1174 Ra-

675 1207 756 1236 cemi
784 1200 1008 1248 oppositisolii,
1036 1199 1104 1234 fere
1133 1199 1285 1240 sessiles,
1312 1198 1495 1240 densillori,
1523 1198 1676 1232 fructiferi
1714 1198 1874 1244 elongati,
1902 1198 2084 1240 laxiusculi3
2124 1198 2278 1246 pedicelli

675 1264 958 1306 erecto-patentes
985 1258 1036 1292 vel
1064 1264 1232 1304 patentes,
1264 1259 1400 1299 breves,
1433 1257 1635 1305 quandoque
1664 1256 1817 1291 fructiferi
1846 1257 2047 1292 subrecurvi.
2108 1259 2280 1293 Bracteae

675 1319 813 1359 albidae,
842 1330 943 1352 nervo
972 1316 1065 1351 viridi
1091 1317 1278 1358 instructae,
1307 1317 1484 1364 oblongae,
1515 1316 1708 1364 cuspidatae
1729 1322 1761 1351 et
1777 1329 1906 1350 sursum
1932 1316 2158 1359 denticulatae,
2183 1317 2278 1365 pedi-

674 1378 764 1413 cellis
793 1377 964 1411 fructiferis
993 1376 1188 1423 plerumque
1215 1376 1394 1423 longiores.
1449 1376 1569 1411 Flores
1598 1376 1698 1423 parvi,
1726 1376 1814 1409 rosei
1842 1375 1893 1409 vel
1919 1375 2018 1410 dilute
2046 1377 2150 1417 rosei,
2183 1377 2278 1424 apice

674 1438 897 1472 obscuriores.
953 1435 1080 1483 ›S'epa-la
1110 1448 1236 1482 inagna,
1262 1435 1499 1475 alludo-rosea,
1528 1448 1631 1470 nervo
1648 1434 1844 1468 obscuriore
1861 1434 2026 1476 instructa,
2053 1435 2279 1469 subrotundo-

675 1503 786 1536 ovata,
813 1495 961 1535 dentata,
991 1495 1134 1529 breviter
1163 1496 1362 1535 acuminata,
1390 1494 1535 1528 corollae
1561 1494 1641 1527 tubo
1668 1493 1767 1526 multo
1797 1492 1910 1528 latiore
1938 1499 1968 1527 et
2001 1494 2157 1528 corollam
2184 1494 2279 1528 dimi-

674 1555 758 1590 diam
785 1554 986 1601 longitudine
1012 1554 1078 1588 fere
1105 1556 1286 1601 aequantia.
1341 1553 1504 1588 Patalam
1531 1557 1690 1600 superius
1717 1564 1791 1585 curn
1820 1551 1937 1586 calcari
1966 1552 2058 1587 brevi
2078 1554 2278 1588 suborbicu-

676 1615 730 1649 lari
759 1627 905 1653 roseum,
940 1614 1034 1660 apice
1069 1614 1224 1647 obtusum
1251 1619 1283 1648 et
1309 1626 1453 1660 superne
1487 1612 1590 1659 gibbo
1620 1610 1712 1645 viridi
1741 1612 1949 1653 instructum,
1988 1613 2042 1658 qui
2076 1613 2278 1660 marginibus

675 1674 755 1715 latis,
784 1672 1065 1720 patenti-reflexis,
1090 1685 1252 1706 summum
1277 1673 1406 1719 apicem
1430 1671 1673 1719 attingentibus,
1702 1671 1887 1717 purpureis,
1917 1671 2063 1717 cingitur.
2115 1671 2278 1706 Petalum

675 1734 824 1779 iuferius
851 1731 1067 1767 latiusculum„
1096 1731 1418 1771 subcanaliculatum,
1448 1731 1543 1777 apice
1569 1730 1693 1764 inferne
1720 1729 1857 1776 gibbum
1881 1729 2016 1764 viridem
2032 1730 2159 1772 format,
2184 1732 2278 1777 cujus

675 1793 839 1839 margines
880 1790 976 1830 latae,
1017 1789 1163 1836 patulae,
1206 1803 1368 1823 summum
1410 1790 1537 1836 apicem
1575 1789 1788 1834 attingentes,
1830 1787 1929 1823 dilute
1968 1802 2171 1837 purpuream
2212 1789 2278 1825 hoc

674 1851 818 1900 petalum
843 1849 953 1897 petalo
981 1849 1153 1895 superiore
1181 1848 1291 1895 paullo
1319 1855 1369 1883 est
1398 1849 1536 1895 longius.
1589 1847 1717 1882 Petala
1744 1852 1908 1882 interiora
1937 1848 2145 1890 albo-rosea,
2182 1850 2277 1896 apice

675 1916 915 1957 atropurpurea
942 1913 973 1942 et
1000 1906 1275 1954 longitudinaliter
1301 1907 1495 1954 tri-plicata,
1527 1907 1643 1955 petalis
1677 1907 1795 1941 ceteris
1822 1906 1932 1954 paullo
1966 1907 2126 1942 breviora.
2178 1908 2279 1943 Fru-

675 1978 749 2004 ctus
776 1966 1012 2007 subrotundus,
1040 1967 1180 2000 obtusus
1208 1968 1310 2011 (statu
1338 1967 1465 2011 juniore
1497 1965 1772 2011 mucronulatus),
1802 1967 2138 2013 compressiusculus,
2165 1968 2278 2003 tuber-

675 2027 990 2074 culato-rugulosus,
1016 2027 1110 2073 apice
1140 2024 1368 2066 bifoveolatus,
1398 2026 1467 2060 basi
1495 2024 1659 2072 pedicello
1688 2026 1869 2060 incrassato
1897 2025 2007 2072 paullo
2035 2027 2212 2073 angustior.

822 2140 901 2175 Icon
939 2146 970 2173 et
1010 2139 1192 2186 descriptio
1228 2138 1411 2172 secundam
1453 2138 1665 2186 exemplaria
1697 2143 1788 2179 viva,
1819 2143 1855 2173 in
1887 2137 1972 2174 hort.
2002 2138 2064 2174 bot.
2101 2140 2279 2175 Lundensz'

676 2199 778 2234 culta.

826 2269 912 2305 Obs.
941 2268 965 2304 I.
1031 2268 1188 2316 Sequens
1230 2268 1280 2304 Cl.
1320 2268 1511 2309 Parlatore,
1558 2270 1612 2316 qui
1651 2270 1681 2303 in
1728 2268 1880 2304 herbario
1923 2267 2148 2303 Candolleano
2186 2268 2277 2303 inve-

675 2330 720 2363 nit
761 2329 961 2376 exemplaria
1002 2328 1195 2363 Fumariae
1223 2327 1429 2376 prehensiltsss
1455 2327 1541 2369 Kit.‚
1582 2327 1649 2374 (Cl.
1679 2327 1853 2363 Pal-latore
1888 2327 2069 2362 secundum
2105 2326 2277 2362 Candollei

676 2387 768 2436 Syst.
797 2394 860 2421 nat.
888 2393 919 2422 et
946 2386 1067 2421 Prodr.
1095 2400 1272 2435 perperam
1308 2400 1379 2421 eam
1408 2386 1554 2433 appellat
1580 2387 1789 2422 Fumarium
1809 2385 2086 2434 prehensibilem)
2122 2386 2164 2421 ab
2202 2387 2277 2434 ipso

674 2448 845 2480 inventore
864 2445 1010 2480 Kitaibel
1040 2447 1148 2487 missa,
1172 2458 1278 2492 eaque
1306 2447 1438 2479 omnino
1463 2458 1536 2478 cum
1552 2445 1724 2480 Fumaria
1739 2444 1935 2480 micrantka
1950 2443 2032 2491 Lag.
2050 2446 2275 2492 congruentia,

674 2503 1125 2551 anariamprdzensilem
1161 2510 1195 2537 ut
1225 2516 1435 2551 synonymon
1472 2503 1568 2549 hujus
1608 2505 1733 2551 speciei
1771 2504 1875 2545 attuli,
1909 2505 1970 2538 etsi
2006 2504 2095 2538 etin
2123 2503 2276 2539 herbario

675 2562 767 2597 Mus.
797 2561 944 2597 Berolin.
985 2562 1155 2609 exemplar
1194 2561 1385 2596 Fumariae
1417 2563 1643 2609 ρανυξβοναε,
1679 2563 1812 2597 nomine
1847 2562 2038 2597 Fumariae
2069 2563 2276 2610 prehensilis

672 2621 872 2670 appellatum
897 2625 1011 2667 (cujas
1037 2620 1243 2669 exemplaris
1269 2634 1372 2668 neque
1386 2621 1476 2655 locus
1490 2622 1619 2656 natalis
1634 2635 1692 2656 nec
1706 2635 1821 2656 nomen
1837 2622 2021 2657 collectoris
2035 2631 2085 2658 est
2097 2622 2274 2670 allatum),
