2435 3188
1608 259 1688 300 271

146 370 316 405 Fumat-ia
342 368 541 417 parm'flora
567 363 766 415 Wahlenbg
792 365 846 401 Fl.
876 365 932 401 Szv.
954 378 990 413 p.
1018 368 1083 400 441.
1147 362 1287 411 Wright
1325 371 1359 400 et
1398 364 1523 400 Arnott
1553 366 1739 412 P1·oclr.fl.

211 432 342 477 penius.
367 427 435 462 ind.
464 431 581 460 orient.
613 426 672 460 vol.
699 426 729 461 I
740 439 781 474 p.
810 430 846 461 18
870 438 914 459 ex
939 438 1026 472 spec.
1054 422 1257 473 (Parlat.)

145 518 234 554 Icon.
261 515 393 552 Svensk
415 514 494 550 Bot.
524 515 588 550 tab.
617 513 700 551 574.
755 513 898 550 Reichb.
928 513 973 549 Ic.
1006 515 1033 549 ss.
1060 527 1162 562 germ.
1188 528 1218 549 n.
1251 514 1358 550 4452.
1420 514 1562 550 Hookei·
1594 516 1678 563 supl.
1708 523 1739 550 to

215 575 311 623 Engl.
339 573 417 608 Bot.
442 575 507 609 tab.
538 574 645 610 2877.
698 572 855 621 Babingt.
882 573 901 607 l.
930 587 958 608 e.
1011 572 1127 608 Nostr.
1156 572 1242 608 Tab.
1271 572 1295 608 Ι.

143 663 178 706 β.
206 663 370 710 Laggeri,
397 661 550 698 racemis
568 661 709 711 longius
734 661 991 710 pedunculatis‚
1017 661 1126 704 laxis,
1155 661 1606 711 multi-(congesti—)ssoris,
1636 675 1739 711 sepa—

212 721 254 758 lis
278 720 456 770 aliquanto
481 720 716 770 longioribus,
743 720 1026 770 triangularibus,
1056 720 1206 757 floribus
1232 721 1356 757 roseis.

141 820 308 856 Fumaria
331 818 499 865 Laggeri.
551 817 645 854 Iord.
677 819 792 865 Pugil.
831 831 875 852 ez·
908 831 995 866 spec,
1030 832 1052 852 a
1084 818 1150 853 Dr.
1184 817 1331 864 Lagger
1367 822 1402 852 in
1439 816 1528 852 herb.
1573 818 1675 852 Fries
1708 827 1740 853 et

213 870 352 905 Sonder.

138 959 285 996 Habitat
307 959 343 995 in
367 958 456 995 locis
483 959 584 995 cultis
611 971 676 1008 per
709 959 893 1007 Europam
927 959 1081 995 mediam
1116 963 1151 995 et
1181 958 1388 1001 australem,
1433 964 1470 996 ut
1502 960 1538 996 in
1567 959 1739 1009 Hispania

211 1019 364 1070 (Boiam,
392 1019 550 1069 Lange),
573 1018 753 1054 Britannia
779 1018 1009 1069 (affinga),
1037 1018 1151 1054 Gallia
1171 1019 1306 1069 (Gr-em
1321 1028 1356 1055 et
1373 1020 1512 1069 Gala),
1543 1018 1738 1054 Germania

210 1078 358 1124 (Koch);
397 1077 493 1114 Italia
519 1078 650 1128 (Guss,
678 1078 845 1128 Parlat.)
871 1078 1001 1113 Rossia
1028 1078 1147 1114 media
1176 1083 1211 1114 et
1238 1078 1380 1114 australi
1405 1077 1588 1129 (Ledeb.)
1616 1077 1738 1113 Mace-

210 1137 317 1174 donia
342 1136 549 1187 (Griseb.),
583 1149 651 1172 nec
679 1148 752 1172 non
779 1136 814 1172 in
849 1137 976 1172 Svecia
1017 1137 1111 1173 circa
1142 1137 1259 1173 lacum
1288 1137 1467 1179 Mfflaren,
1505 1137 1540 1172 in
1564 1136 1737 1185 Uplandia

209 1195 397 1245 campestri
423 1195 672 1244 copiosissima
700 1196 854 1244 (Fries):
880 1208 945 1244 per
964 1195 1098 1238 Asiam,
1125 1200 1162 1232 ut
1180 1196 1215 1232 in
1234 1196 1363 1232 Sibiria
1392 1196 1531 1232 Altaica
1553 1196 1736 1247 (Lezleb),

210 1254 412 1292 Somchetia
450 1255 544 1305 (Dr.
578 1255 613 1291 C.
641 1255 738 1290 Koclz
778 1261 813 1290 in
846 1256 1004 1290 Lirmaea
1044 1257 1134 1291 1541
1173 1268 1205 1303 p.
1234 1256 1339 1302 251),
1380 1255 1564 1304 provincia
1602 1255 1735 1291 turcica

209 1315 304 1351 Kars
331 1318 366 1350 et
391 1313 565 1350 Armenia
589 1315 683 1365 (Dr.
714 1315 751 1351 C.
778 1314 919 1365 Koch),
949 1314 1124 1363 Songaria
1151 1313 1309 1350 chinensi
1344 1314 1389 1350 ad
1429 1314 1545 1350 lacum
1571 1314 1736 1364 Saisang·

208 1386 276 1410 1101·
298 1374 367 1424 (ex
392 1375 532 1423 exempl.
559 1380 594 1409 in
620 1373 709 1409 herb.
740 1374 869 1423 Fries)
897 1377 932 1409 et
956 1372 991 1408 ill
1017 1372 1115 1408 India
1144 1372 1317 1409 Orientali
1343 1373 1412 1423 (ex
1435 1375 1574 1423 exempl.
1591 1380 1626 1409 in
1643 1373 1732 1409 llerl).

209 1434 302 1469 Mus.
329 1434 499 1475 Berolz'n„
536 1433 657 1474 Fries,
692 1442 726 1469 et
758 1432 1004 1482 Liebmmm.);
1049 1444 1115 1480 per
1151 1431 1313 1467 Africam
1353 1432 1539 1468 borealem
1579 1433 1733 1483 (Boiam,

207 1492 373 1542 Parlat.)
398 1496 433 1528 et
454 1491 490 1527 in
516 1491 639 1528 insulis
669 1491 827 1528 Canariis
853 1490 1018 1541 (Webb)
1081 1491 1165 1527 Var.
1193 1490 1220 1533 ,Θ
1247 1491 1283 1527 in
1321 1491 1532 1534 Germania,
1570 1492 1734 1529 Helvetia

208 1555 245 1587 ut
269 1550 305 1587 in
332 1550 360 1586 F
364 1551 547 1593 rimdelen,
576 1551 778 1587 Zermatten
801 1551 1008 1602 (Lagger).

282 1659 405 1694 Radix
444 1673 565 1702 annua,
594 1660 810 1708 subsimplex.
876 1659 995 1696 Caulis
1035 1665 1166 1695 erectus
1205 1660 1257 1695 vel
1297 1659 1450 1702 diffusus,
1479 1659 1735 1696 subdiehotome

136 1719 393 1761 ramosissimus‚
421 1721 518 1755 ramis
548 1721 667 1755 erectis
694 1733 809 1768 parum
837 1719 1043 1768 patentibus,
1069 1719 1257 1766 anguIatus,
1285 1719 1441 1766 glaucus,
1468 1733 1582 1767 parum
1615 1733 1733 1755 succu-

136 1777 249 1813 lentus.
301 1778 402 1813 Folia
428 1779 561 1826 glauca,
588 1792 630 1814 ex
656 1779 788 1827 petiolis
815 1784 910 1813 acute
936 1779 1073 1825 trigonis
1100 1778 1373 1825 bipinnatisecta‚
1401 1778 1523 1813 laciniis
1546 1779 1734 1814 lanceolatis

135 1837 361 1880 linearibusve‚
387 1838 596 1873 acutiusculis
623 1839 675 1874 vel
704 1838 817 1879 acutis,
845 1837 959 1885 planis,
987 1837 1156 1877 tenuibus;
1182 1837 1295 1884 petioli
1323 1837 1507 1873 secundarii
1534 1851 1619 1873 nunc
1644 1841 1733 1879 recti,

134 1909 220 1930 nunc
246 1897 362 1932 eximie
389 1896 735 1932 cirrhoso-convoluti.
788 1896 931 1930 Racemi
959 1895 1183 1943 oppositisolii,
1209 1896 1276 1931 fere
1293 1897 1437 1938 sessiles‚
1464 1897 1634 1944 paueiilori
1654 1898 1732 1941 (rir-

134 1956 215 1990 citer
243 1955 466 2004 decemssori),
494 1957 631 1998 breves,
662 1955 817 1991 fructiferi
845 1955 949 2002 magis
975 1954 1136 2001 elongati,
1169 1955 1355 1997 laxiuseuli3
1395 1956 1549 2004 pedicelli
1577 1957 1730 1991 fructiferi

133 2019 425 2062 erecto-patentes,
452 2028 628 2063 numquam
654 2016 792 2051 recurvi.
845 2015 1018 2049 Bracteae
1042 2013 1181 2055 albidae,
1205 2028 1308 2050 nervo
1325 2015 1418 2050 viridi
1443 2017 1629 2056 instructae,
1652 2016 1731 2049 line-

137 2085 220 2115 ares,
246 2076 457 2117 acuminatae,
483 2075 656 2123 pedicellis
681 2074 855 2110 fructiferis
881 2087 997 2121 parum
1026 2073 1209 2108 breviores.
1263 2073 1384 2109 Flores
1411 2075 1520 2122 parvi,
1548 2074 1647 2109 dilute
1676 2088 1729 2108 ro-

135 2132 192 2173 sei,
214 2145 286 2167 raro
315 2133 394 2175 albi,
417 2135 512 2181 apice
539 2134 799 2182 atro-purpurei.
852 2132 981 2181 Sepala
1010 2132 1240 2174 minutissima,
1275 2133 1371 2167 lentis
1405 2146 1471 2180 ope
1505 2139 1626 2167 tantum
1654 2134 1730 2168 visi-

135 2190 218 2232 bilia,
244 2191 360 2234 albida,
387 2192 522 2234 caduca,
546 2193 880 2234 subrotundo-ovata,
908 2197 1012 2231 acuta,
1034 2190 1174 2232 dentata,
1189 2191 1388 2239 pedicellum
1404 2191 1571 2226 latitudine
1587 2204 1730 2240 aequan-

134 2250 186 2290 tia,
212 2250 334 2285 corolla
361 2251 525 2287 multoties
552 2252 715 2287 breviora.
770 2251 931 2286 petalum
957 2255 1116 2298 superius
1143 2263 1217 2284 cum
1245 2250 1374 2285 calcare
1409 2251 1502 2285 brevi
1537 2250 1605 2285 sere
1641 2251 1730 2286 orbi-

137 2307 255 2350 culare,
282 2308 380 2344 dilute
405 2323 537 2345 roseum
563 2311 617 2346 vel
639 2310 794 2353 albidum,
820 2311 916 2358 apice
943 2322 1089 2356 superne
1122 2309 1260 2356 gibbum
1288 2309 1389 2345 habet
1413 2309 1551 2344 viridem
1576 2310 1731 2357 margini-

136 2366 198 2402 bus
221 2367 302 2408 latis,
326 2368 607 2414 patenti-reflexis,
638 2383 800 2404 summum
828 2370 957 2417 apicem
984 2369 1228 2415 attingentibus,
1255 2369 1441 2416 purpureis,
1467 2369 1618 2403 cinctum.
1668 2369 1732 2402 Pe-

137 2425 245 2459 talum
269 2427 417 2472 irgferizcs
441 2427 509 2462 fere
540 2428 680 2471 lineare,
706 2427 1038 2469 subcanalieulatum,
1074 2427 1169 2475 apice
1195 2427 1320 2462 inferne
1354 2427 1458 2474 gibbo
1493 2427 1585 2462 viridi
1613 2428 1732 2463 instru-

137 2488 248 2525 ctum,
287 2496 383 2531 quem
422 2487 585 2533 margines
620 2487 691 2529 lati,
726 2487 844 2535 patuli,
876 2499 1039 2522 summum
1079 2487 1207 2534 apicem
1252 2487 1466 2534 attingentes,
1512 2487 1616 2528 rosei,
1662 2488 1730 2521 cin-

137 2547 226 2588 gunt.
280 2541 400 2577 Petala
424 2549 589 2580 interiora
615 2545 741 2587 albida,
774 2547 869 2593 apice
904 2551 1146 2594 atropurpurea
1172 2551 1205 2579 et
1230 2545 1509 2592 longitudinaliter
1538 2545 1732 2592 tri-plicata,

137 2599 253 2646 petalis
292 2602 409 2636 ceteris
436 2615 550 2650 parum
590 2603 752 2645 breviora,
792 2605 861 2640 fere
896 2609 995 2639 recta.
1065 2603 1221 2639 Fructus
1254 2604 1498 2645 subrotundus‚
1538 2603 1729 2638 rotundato-
