2435 3188
707 253 761 293 '?6

653 373 722 407 gra,
750 373 834 408 quae
860 360 890 394 in
920 359 1045 393 femore
1084 361 1188 407 quarti
1227 362 1315 408 paris
1357 363 1461 408 major
1503 362 1536 396 fit
1576 367 1609 396 et
1647 361 1800 396 annulum
1827 361 1896 397 sere
1923 361 2051 396 format.
2103 361 2257 396 Patellae

655 432 754 466 supra
783 425 959 459 testzmeae,
998 418 1113 453 subter
1141 419 1182 453 ad
1209 421 1382 455 maximam
1411 427 1537 468 partem
1567 421 1691 467 nigrae.
1750 418 1868 455 Tibiae
1894 426 1927 455 et
1954 426 2136 456 metatarsi
2163 427 2265 456 testa-

655 491 724 518 cea,
751 479 869 513 subtus
895 478 1019 512 macula
1047 478 1173 524 apicali,
1200 478 1302 513 hasali
1333 485 1365 514 et
1391 480 1499 514 media
1526 479 1636 520 fuscis,
1664 479 1837 521 interdum,
1877 481 2071 527 praesertim
2105 480 2136 514 in
2171 479 2266 527 pedi-

655 538 718 572 bus
747 545 901 585 quattuor
931 537 1184 584 posteriorum&
1212 538 1308 572 etiam
1352 551 1453 585 supra
1495 538 1683 586 perspicuis
1711 543 1744 573 et
1771 543 1839 572 tum
1874 538 2012 573 annulos
2040 538 2265 574 formantibus.

659 597 765 631 Tarsi
792 597 884 644 nigri,
913 597 983 631 basi
1009 596 1155 630 testacei.

802 713 1025 749 Abdomen
1055 726 1154 760 supra
1186 721 1251 748 auc
1277 714 1381 760 magis
1410 714 1559 749 minusve
1586 714 1732 749 obscure
1759 713 1886 749 fuscum
1903 714 1956 749 vel
1970 714 2113 756 badium,
2140 716 2268 763 pictura

655 775 768 810 colore
785 774 932 814 clariore,
960 774 1198 813 sub—testacea,
1223 780 1287 806 ant
1302 778 1494 814 testaceum,
1520 775 1647 821 pictura
1676 786 1752 808 rava
1781 773 1833 808 vel
1861 773 2029 815 albicanti;
2057 781 2172 810 venter
2193 788 2268 810 cum

655 835 790 881 regione
819 846 919 881 supra
947 839 980 867 et
1012 833 1098 867 eirca
1133 832 1291 879 petiolum
1323 838 1490 867 testaceus
1519 832 1570 867 vel
1597 846 1705 867 ravus.
1774 830 1810 866 In
1849 845 1924 867 area
1966 834 2270 876 ante-tuberculari,

655 893 862 940 plerumque,
892 898 925 926 ut
952 892 982 926 in
1015 891 1126 939 priori,
1155 891 1395 938 triangulariter
1420 892 1590 932 insuscata,
1617 897 1650 925 et
1677 891 1802 926 surcula
1830 897 1862 926 et
1889 891 2028 926 lineolae
2056 890 2141 927 duae
2166 893 2269 940 apici—

656 953 718 987 bus
746 953 859 986 anticis
899 952 982 985 inter
1015 964 1051 986 se
1086 951 1432 998 appropinquantibus
1468 951 1596 991 adsunt,
1627 963 1712 998 quae
1751 963 1831 985 vero
1873 963 1989 985 omnes
2022 952 2166 996 majores
2193 958 2269 986 sunt

655 1019 754 1059 atque
783 1012 965 1045 crassiores
992 1024 1089 1058 quam
1115 1011 1144 1044 in
1174 1010 1235 1052 illa,
1263 1016 1296 1045 et
1319 1011 1402 1045 inter
1429 1024 1466 1045 se
1495 1011 1536 1044 ita
1565 1009 1756 1051 cohaerent,
1783 1015 1817 1043 ut
1842 1010 2043 1056 conjunctim
2071 1011 2266 1058 triangulum

655 1072 837 1118 oblongum
878 1070 1028 1111 forment,
1066 1071 1218 1117 utrinque
1255 1069 1495 1104 uni—dentatum
1524 1075 1623 1116 atque
1653 1069 1800 1116 undique
1828 1069 1991 1103 clausum:
2028 1069 2154 1103 macula
2182 1071 2267 1104 enim

654 1131 876 1177 subsequens,
897 1131 981 1164 inter
1005 1129 1175 1163 tubercula
1204 1130 1274 1170 sita,
1302 1128 1530 1176 quadrilatera,
1560 1129 1590 1162 in
1618 1129 1663 1164 Ε.
1688 1127 1861 1173 angulata
1894 1129 2000 1163 antice
2019 1128 2132 1169 libera,
2158 1129 2189 1162 in
2205 1128 2268 1163 hac

654 1192 769 1238 specie
801 1190 906 1235 major
934 1194 966 1223 et
992 1189 1186 1236 praesertim
1203 1188 1334 1235 longior
1350 1196 1409 1229 est,
1438 1194 1472 1222 ut
1488 1188 1660 1235 triangulo,
1688 1201 1787 1235 quem
1805 1188 2149 1229 commemoravimus,
2176 1187 2267 1235 adja—

655 1256 729 1284 ceat
755 1251 896 1296 ejusque
927 1254 1115 1295 aperturam
1142 1247 1287 1282 basalem
1317 1246 1456 1281 claudat.
1523 1245 1626 1282 Linea
1655 1247 1743 1282 tenui
1782 1246 1874 1281 fusca
1910 1246 2074 1281 interdum
2101 1248 2265 1293 geminata

655 1316 705 1344 est
733 1309 815 1343 haec
843 1308 979 1349 macula,
1007 1321 1022 1341 a
1053 1320 1116 1354 qua
1144 1320 1219 1341 area
1249 1312 1398 1353 angusta,
1426 1306 1701 1347 sub-lanceolata,
1730 1306 1860 1353 postice
1903 1312 2075 1354 angustata
2115 1308 2270 1348 exoritur,

655 1382 673 1404 e
701 1368 828 1402 lineolis
855 1367 985 1408 crassis,
1012 1367 1165 1407 incurvis,
1194 1378 1278 1413 quae
1306 1366 1400 1399 binae
1428 1366 1511 1399 inter
1551 1379 1588 1400 se
1631 1366 1808 1413 oppositae
1844 1371 1926 1406 sunt,
1955 1371 1987 1400 et
2012 1366 2043 1400 in
2072 1366 2191 1400 seriem
2220 1365 2269 1400 di—

654 1428 812 1475 spositae,
841 1427 987 1460 formata.
1042 1424 1132 1460 Area
1161 1426 1233 1472 ipsa
1261 1425 1302 1458 ab
1328 1425 1491 1465 omuibus,
1526 1437 1608 1472 quas
1640 1438 1740 1472 supra
1784 1424 1933 1465 diximus,
1975 1424 2102 1460 lineolis
2144 1425 2270 1460 inclusa

653 1488 766 1522 colore
794 1499 910 1534 parum
937 1486 1133 1520 obscuriore
1160 1491 1219 1526 est,
1253 1497 1351 1531 quam
1378 1485 1471 1531 ipsae
1502 1483 1651 1518 lineolae.
1717 1482 1805 1518 Tota
1845 1483 1928 1518 haec
1961 1484 2089 1531 pictura
2107 1484 2268 1530 jaculum

654 1547 753 1582 rel‘ert
782 1559 844 1593 per
865 1551 965 1579 totam
991 1544 1176 1578 abdominis
1205 1543 1441 1591 longitudinem
1470 1550 1653 1584 extensum,
1681 1544 1775 1589 cujus
1803 1543 1973 1590 spiculum
2003 1543 2049 1589 (in
2075 1556 2151 1578 area
2177 1549 2270 1579 ante-

654 1605 852 1640 tuberculari
879 1605 992 1650 situm)
1015 1617 1169 1650 magnum
1198 1609 1230 1638 et
1258 1604 1409 1650 utrinque
1437 1603 1661 1637 unidentatum
1699 1608 1759 1642 est,
1785 1601 1907 1637 hastile
1938 1608 2047 1637 autem
2074 1615 2153 1637 mox
2181 1615 2271 1650 pone

653 1665 815 1713 spiculum
846 1669 1021 1710 angustum
1050 1663 1148 1708 (inter
1173 1662 1371 1707 tubercula),
1410 1668 1477 1696 tum
1506 1661 1600 1695 latius
1630 1667 1662 1695 et
1687 1661 1844 1696 lateribus
1885 1662 2111 1696 sub-sinuosis
2149 1661 2270 1709 grada-

653 1726 707 1759 tim
736 1729 946 1771 augustatum
974 1727 1051 1769 (per
1078 1728 1178 1755 totam
1210 1735 1319 1756 aream
1346 1721 1512 1756 dorsalem
1542 1722 1731 1768 posticam).
1779 1740 1823 1747 —-
1868 1718 1956 1755 Mox
1983 1734 2072 1768 pone
2098 1721 2271 1756 tubercula

653 1783 840 1823 humeralia,
869 1788 901 1817 et
929 1795 990 1829 per
1016 1794 1131 1816 eorum
1162 1781 1261 1815 latera
1291 1781 1564 1827 declivitatesque
1599 1780 1746 1827 posticas
1774 1779 1883 1821 ducta,
1910 1779 2004 1814 adest
2031 1780 2130 1827 plaga
2162 1786 2271 1816 trans-

653 1857 760 1884 versa,
788 1855 862 1877 cum
890 1846 984 1876 vittis
1012 1839 1213 1875 lateralibus
1253 1842 1380 1887 juncta:
1422 1840 1521 1874 latera
1562 1840 1648 1874 enirn
1688 1838 1874 1873 abdominis
1916 1840 2089 1886 superiora
2125 1845 2271 1887 occupat

652 1904 804 1950 utrinque
831 1902 907 1935 vitta
938 1900 1009 1942 lata,
1034 1902 1165 1947 postice
1197 1905 1379 1947 angustata,
1406 1913 1423 1933 a
1453 1899 1633 1933 tuberculis
1674 1899 1835 1946 incipiens
1863 1903 1895 1932 et
1919 1897 1987 1932 sere
2015 1897 2057 1931 ad
2086 1911 2182 1932 anun]
2211 1911 2270 1933 ex-

653 1970 754 2001 tensa,
784 1973 869 2008 quae
896 1965 990 1994 imus
1028 1960 1111 1994 linea
1145 1960 1235 2005 nigra
1265 1959 1564 1999 (lentato-sinuosa,
1592 1971 1681 2005 pone
1708 1957 1915 1992 tuberculum
1955 1957 2072 1991 orienti
2099 1963 2131 1991 et
2158 1970 2269 1992 aream

652 2021 816 2056 ‹lorsalem
843 2020 1021 2054 fusciorem
1048 2018 1226 2053 includenti
1255 2017 1416 2059 delinitur,
1447 2023 1660 2052 extrinsecus
1687 2023 1795 2052 autem
1824 2016 1883 2050 alia
1912 2015 2076 2062 ejusmodi
2116 2016 2209 2059 linea,
2236 2018 2272 2053 in,

651 2082 752 2116 latere
780 2080 843 2114 sub
872 2078 1045 2113 tuberculo
1075 2078 1244 2112 exorienti.
1299 2075 1373 2111 Sub
1398 2076 1459 2111 bac
1487 2077 1571 2111 linea
1599 2076 1723 2111 fuscius
1749 2076 1783 2110 fit
1809 2074 1986 2116 abdomen,
2013 2075 2099 2109 vittis
2124 2075 2275 2110 clariori—

652 2141 714 2175 bus
729 2139 873 2186 obliquis
892 2138 1188 2185 sub-variegatum.
1241 2135 1370 2170 Puncta
1402 2142 1575 2184 praeterea
1605 2141 1760 2183 quattuor
1786 2135 1888 2181 nigra,
1907 2134 2079 2181 impressa,
2104 2135 2135 2169 in
2165 2134 2268 2170 dorso

652 2198 837 2234 abdominis
866 2198 1130 2244 conspiciuntur:
1173 2197 1244 2231 bina
1280 2195 1320 2230 ad
1357 2196 1449 2230 basin
1491 2194 1641 2241 trianguli
1682 2193 2003 2235 ante-tubercularis‚
2044 2194 2120 2228 bina
2160 2194 2270 2236 altera,

652 2260 776 2303 majore
805 2258 912 2304 spatio
941 2257 1024 2291 inter
1051 2269 1086 2291 se
1119 2256 1285 2296 distantia,
1315 2268 1403 2302 pone
1444 2254 1626 2294 tubercula,
1666 2266 1732 2300 quo
1765 2265 1840 2287 area
1870 2252 1995 2287 fuscior
2021 2254 2144 2288 initium
2171 2255 2269 2301 capit.

662 2318 781 2352 Venter
807 2322 984 2357 testaceus,
1013 2315 1148 2349 maculis
1165 2315 1410 2362 pulinonalibus
1426 2315 1535 2354 fuscis,
1561 2319 1593 2348 et
1617 2313 1703 2346 vittis
1731 2311 1861 2346 duabus
1890 2312 1931 2346 ad
1956 2312 2114 2347 mamillas
2142 2317 2268 2347 coeun-

652 2377 738 2411 tibus
768 2376 878 2422 nigris,
903 2375 1039 2408 maculis
1070 2375 1155 2408 binis
1184 2374 1381 2408 {laventibus
1409 2372 1609 2419 interruptis,
1637 2383 1775 2418 quarum
1804 2370 1889 2405 duae
1928 2370 1969 2404 ad
1996 2372 2109 2405 rimam
2140 2372 2268 2418 genita-

651 2436 713 2470 lem
741 2436 822 2469 sitae
843 2440 926 2475 sunt,
951 2434 1072 2467 alterae
1104 2433 1188 2467 duae
1218 2433 1323 2479 magis
1352 2446 1468 2467 versus
1495 2444 1607 2471 anum;
1635 2429 1676 2463 ad
1702 2431 1801 2465 latera
1830 2430 2054 2472 mamillarum,
2085 2435 2175 2465 extra
2206 2431 2268 2464 vit-

651 2502 725 2535 tam,
754 2494 848 2529 adest
872 2499 1045 2540 praeterea
1074 2492 1199 2526 macula
1231 2491 1368 2537 singula,
1394 2496 1427 2525 et
1454 2490 1616 2525 interdum
1644 2495 1765 2538 puncta
1792 2488 1946 2524 nonnulla
1985 2495 2059 2524 ante
2098 2489 2265 2531 mamillas,

649 2555 745 2589 etiam
774 2553 874 2587 ssavis.
928 2551 1093 2599 EpIgyne
1120 2551 1220 2597 nigra,
1248 2562 1391 2597 corpore
1419 2563 1519 2598 supra
1548 2556 1580 2585 et
1606 2562 1710 2596 scapo
1737 2548 1809 2583 basi
1837 2554 1996 2583 testaceo.
