2435 3188
1713 290 1766 331 2³7

225 391 480 430 exhibuerunt,
519 389 574 425 alii
614 394 731 425 autem
767 388 898 424 nullam
924 389 979 424 sui
1004 389 1039 425 in
1067 395 1210 426 moneta
1239 390 1460 439 reliquerunt
1485 394 1705 430 memoriam.
1759 396 1818 432 Ab

224 462 315 485 anno
354 461 459 484 aerae
493 447 783 484 taberistanensis
814 447 883 481 129
925 459 1039 496 usque
1072 448 1117 484 ad
1155 450 1223 485 137
1252 450 1396 484 ‹liz-hemi
1423 449 1457 485 in
1488 451 1721 488 Taberistana
1745 456 1819 490 cusi

224 507 368 544 nomine
403 511 538 547 carent,
573 511 607 542 et
635 506 771 547 locum,
809 505 869 540 ubi
905 505 990 541 alias
1017 507 1219 554 praefectus
1245 520 1327 543 sese
1352 508 1573 551 nominabat,
1601 523 1622 546 a
1646 524 1737 548 voce
1760 525 1819 548 so-

224 567 255 602 la
280 567 395 613 quml
420 570 632 612 occupatum
654 564 828 599 videmus.
882 565 970 600 Post
1000 564 1136 601 obitum
1162 566 1285 601 Omari
1312 566 1538 609 ben-el-Ala,
1559 569 1618 617 qui
1632 581 1726 605 anno
1752 573 1819 606 162

223 624 371 671 Hidjrae
396 623 484 669 (779
512 636 544 672 p.
571 623 670 671 Chr.)
695 622 776 658 huic
806 623 1012 671 provinciae
1040 623 1166 659 iterum
1192 625 1483 673 praeficiebatur,
1506 627 1614 674 Jahja
1629 627 1819 665 ben-Milelz-

223 686 289 731 naq
318 685 451 738 (gr-'⁸1⁴
475 699 517 731 0³
548 686 649 731 ⁸fis)
681 683 755 728 jam
790 694 885 717 anno
915 688 1091 731 sequente
1121 683 1191 718 163
1234 685 1305 720 780
1332 697 1364 732 p.
1394 683 1492 733 Chr.)
1521 697 1586 720 seu
1613 699 1697 722 erae
1722 688 1820 725 tabe—

220 740 422 777 ristanensis
464 740 532 774 129
560 739 593 775 in
632 740 750 776 locum
779 742 859 788 ejus
891 741 1063 777 suffectus
1090 754 1171 778 esse
1198 743 1346 778 videtur.
1401 745 1451 778 At
1478 742 1708 781 Sehir-eddin
1748 751 1819 783 tres

221 812 334 835 annos
362 800 498 835 Omaro
525 799 559 834 in
586 800 744 835 secunda
771 799 996 848 praefectura
1023 799 1151 842 tribuit,
1182 806 1216 837 et
1244 801 1338 837 hunc
1357 802 1504 837 omnino
1527 803 1693 840 omittens
1706 806 1819 841 statim

220 859 264 894 ad
305 857 583 893 Abd-el-Hamfd
617 858 794 893 ssladlarzzb
828 859 1006 908 procedit,
1033 864 1068 895 et
1095 859 1193 896 solus
1221 861 1343 896 codex
1370 862 1576 898 casanensis
1601 861 1728 910 Jahjae
1756 876 1820 899 no—

219 930 300 953 men
329 916 530 966 interponit.
585 915 666 952 Vid.
696 916 991 954 Sehir—eddin
1031 931 1133 968 pagg.
1176 929 1219 952 rw
1245 924 1280 955 et
1307 927 1372 955 r‘rr‘.
1405 921 1551 956 Dz'rlcem
1578 934 1683 963 vero,
1712 935 1819 971 quem

218 976 274 1012 hic
305 975 404 1017 dedi,
433 980 468 1012 et
498 976 573 1025 qui,
602 988 718 1024 nuper
747 981 927 1025 repertus,
955 977 989 1012 in
1018 977 1233 1014 collectione
1270 978 1350 1015 Chr.
1379 978 1579 1016 Naumanni
1603 980 1820 1029 professoris

219 1035 402 1071 lundensis
438 1039 616 1076 servatur,
658 1037 790 1083 primus
826 1036 954 1083 Jahjae
981 1035 1087 1084 hujus
1113 1050 1247 1073 nomen
1276 1038 1382 1074 nobis
1410 1038 1532 1081 offert,
1558 1039 1653 1075 forte
1680 1039 1820 1076 fortuna

216 1094 360 1130 arabice
386 1098 421 1129 et
449 1093 647 1129 evidentius
675 1098 878 1136 exaratum,
907 1108 1013 1144 quam
1041 1101 1078 1131 ut
1105 1096 1151 1132 de
1178 1098 1258 1144 ejus
1285 1096 1441 1133 lectione
1460 1098 1650 1135 dubitetur.
1679 1098 1819 1135 Novum

216 1154 321 1203 igitur
349 1152 468 1201 prodit
494 1152 736 1189 testimonium
765 1153 811 1189 de
840 1153 946 1202 hujus
973 1155 1118 1204 generis
1154 1161 1474 1193 monumentorum
1504 1156 1539 1193 in
1559 1157 1714 1207 ‚historia
1743 1158 1820 1195 illu-

215 1212 358 1249 stranda
384 1211 417 1247 vi
445 1219 480 1247 et
506 1216 700 1247 momento.

364 1288 445 1325 Vid.
474 1288 562 1324 Tab.
592 1289 615 1330 1,
640 1290 672 1325 4.
