2435 3188
1656 266 1709 309 (33

175 395 294 420 earum
321 380 504 417 manifeste
530 379 793 425 rep1·aesentet;
821 379 894 410 tum
915 374 1009 410 enim
1037 372 1193 415 nomine,
1223 372 1323 422 quod
1351 372 1410 408 ille
1437 371 1646 414 adhibuerit,
1672 372 1762 408 hanc.

172 441 326 491 speciem
352 450 492 479 vocare,
520 436 627 472 satius
655 434 739 470 mihi
766 433 916 469 videtur.

317 540 436 584 Quum
461 542 577 574 autem
607 536 642 572 in
668 548 741 571 uno
770 534 975 582 eodemque
1008 545 1120 581 opere
1153 531 1341 568 varietates
1377 531 1540 579 ejusdem
1566 531 1699 580 speciei
1729 535 1765 566 ut

170 600 330 635 diversae
355 597 494 646 species
522 594 720 643 descriptae
748 599 783 629 et
809 592 1011 628 nominatae
1034 595 1124 632 sunt,
1153 591 1296 627 difficile
1321 590 1499 626 interdum
1515 590 1628 626 videri
1646 593 1763 638 potest

164 657 334 706 judicare,
363 668 410 692 ex
435 653 639 691 nominibus
677 652 764 688 datis
792 651 890 701 quod
919 650 1144 687 retinendum
1172 650 1216 685 sit
1248 654 1283 686 et
1317 649 1452 698 speciei
1492 648 1762 697 imponendum.

167 715 353 765 Ejusmodi
375 714 510 762 judicia
536 712 581 748 ad
608 711 767 761 regulam
797 711 975 760 quandam
1016 709 1150 745 directa
1178 722 1250 744 non
1278 709 1432 751 invenio,
1462 720 1677 757 quamquam
1704 719 1762 742 res

165 776 209 812 ab
237 773 412 823 opinionis
439 771 584 808 arbitrio
624 770 766 819 sejungi
808 774 906 805 certe
934 774 969 805 et
995 772 1114 817 potest
1142 772 1177 804 et
1204 768 1328 810 debet,
1362 768 1391 804 si
1425 768 1570 817 quidem
1602 766 1691 802 haec
1718 765 1764 801 de

166 833 367 871 nominibus
404 830 648 867 controversia
680 829 849 878 componi
889 841 1045 877 unquam
1084 827 1230 876 poterit,
1274 840 1342 863 nec
1374 827 1495 862 denuo
1527 838 1671 874 semper
1698 825 1764 860 erit

165 891 385 930 instituenda.
439 889 694 926 Definiendum
723 893 785 931 est,
813 900 905 937 quae
931 887 974 923 sit
989 889 1118 935 sor-ma
1136 888 1350 936 principalis
1365 886 1440 922 sive
1451 892 1642 935 primitiva,
1659 886 1763 932 cujus

164 964 296 988 nomen
323 949 390 986 sibi
418 949 565 985 asciscat
605 947 746 996 species
784 960 935 983 neccsse
962 951 1024 988 est,
1054 950 1089 982 et
1116 948 1218 993 cujus
1245 945 1433 981 varietates
1471 945 1578 994 igitur
1602 944 1762 993 reliquae

162 1015 242 1048 sunt
272 1008 468 1045 habendae.
523 1009 655 1043 Forma
686 1019 774 1042 vero
795 1007 1009 1055 principalis
1037 1018 1079 1041 ea
1104 1004 1341 1041 existimanda
1367 1008 1430 1046 est,
1473 1017 1565 1053 quae
1594 1004 1762 1052 frequen-

160 1070 293 1106 tissime
318 1067 495 1103 invenitur
521 1067 556 1102 in
586 1066 697 1115 patria
725 1068 812 1112 ejus,
841 1065 900 1114 qni
928 1065 1062 1113 primns
1089 1064 1243 1105 nomina,
1271 1064 1316 1100 de
1341 1063 1471 1113 quibus
1499 1063 1622 1112 agitur,
1652 1062 1760 1098 dedit.

161 1129 197 1165 Si
223 1128 259 1164 id
284 1127 470 1174 dijudicari
494 1139 567 1162 non
596 1130 722 1174 potest,
748 1124 804 1160 vel
833 1124 861 1160 si
889 1128 1043 1172 apparet,
1072 1123 1285 1171 scriptorem
1312 1123 1407 1159 illum
1446 1135 1567 1158 veram
1609 1121 1761 1158 sormam

160 1186 388 1237 principalem
416 1198 489 1221 non
513 1183 744 1234 cognovisse:
774 1188 846 1219 tum
873 1183 1025 1232 primum
1053 1183 1099 1218 ad
1126 1182 1210 1218 alias
1237 1184 1394 1218 rationes
1409 1185 1463 1218 est
1478 1180 1760 1230 confugiendum

160 1251 195 1282 et
220 1259 268 1282 ex
293 1244 506 1286 nominibus,
531 1259 616 1294 qnae
645 1245 785 1285 deflerit,
811 1243 846 1279 id
874 1242 1089 1292 eligendum,
1119 1241 1218 1291 quod
1244 1255 1303 1278 ex.
1332 1255 1383 1291 gr.
1411 1241 1524 1291 magis
1548 1253 1653 1290 quam
1680 1239 1761 1274 reli-

160 1319 228 1355 qua
256 1312 291 1341 in
319 1305 385 1340 hac
412 1310 519 1353 specie
545 1304 661 1339 tritum
691 1307 798 1352 atque
830 1302 993 1338 usitatum
1021 1301 1074 1343 sit,
1102 1301 1159 1337 vel
1196 1301 1295 1351 quod
1332 1301 1446 1351 magis
1477 1305 1597 1349 aptum
1625 1304 1660 1335 et
1682 1298 1760 1335 ido·

159 1377 266 1401 neum
296 1363 458 1400 videatur
482 1385 527 1389 -—
556 1367 591 1398 et
616 1362 652 1398 id
681 1375 796 1411 genus
824 1361 899 1398 alia.

306 1464 365 1501 Ad
392 1463 455 1500 has
483 1470 518 1501 et
545 1463 726 1512 ejusmodi
750 1463 985 1506 difficultates,
1013 1475 1105 1512 quae
1131 1463 1167 1498 in
1194 1462 1246 1498 rei
1274 1461 1385 1511 ipsius
1411 1467 1536 1497 natura
1567 1464 1656 1502 sunt,
1697 1459 1760 1495 ita-

159 1537 229 1574 que
256 1520 461 1573 impediunt,
490 1524 681 1573 quominus
707 1523 977 1559 nomenclatura
1003 1523 1046 1557 ad
1074 1521 1297 1558 stabilitatem
1324 1520 1517 1570 perveniat,
1558 1520 1625 1556 alia
1654 1518 1759 1555 etiam

158 1583 305 1626 accedit,
333 1595 433 1632 quae,
462 1583 497 1619 in
524 1583 707 1619 hominum
736 1583 933 1618 temeritate
962 1581 1018 1617 vel
1046 1581 1080 1617 in
1109 1580 1304 1617 ambitione
1335 1579 1488 1629 quadam
1516 1579 1640 1628 posita,
1672 1590 1758 1613 con-

158 1641 344 1684 fusionem,
370 1644 472 1690 cujus
499 1655 606 1691 supra
629 1642 865 1683 meminimuS,
894 1641 928 1677 in
956 1640 1078 1689 primis
1099 1640 1232 1676 creavit
1257 1644 1292 1675 et
1315 1639 1423 1675 auxit.
1478 1639 1521 1674 Ut
1545 1638 1639 1674 enim
1656 1636 1758 1672 facile

160 1701 237 1737 tieri
263 1705 387 1750 potest,
414 1706 450 1737 ut
478 1701 633 1738 insciens
661 1701 787 1751 aliquis
817 1713 951 1736 novum
980 1712 1114 1736 nomen
1142 1699 1277 1748 speciei
1291 1703 1395 1735 antea
1413 1698 1617 1734 nominatae
1644 1695 1757 1731 indat:

157 1760 209 1797 sio
234 1759 332 1795 multi
359 1772 407 1796 ex
436 1760 697 1796 recentioribus
739 1759 884 1809 pristina
921 1759 1065 1794 nomina
1096 1759 1252 1795 scientes
1285 1758 1554 1807 prudentesque
1582 1754 1755 1803 rejiciunt,

159 1825 195 1856 ut
221 1819 343 1855 formis
363 1820 436 1866 jam
462 1819 520 1855 diu
547 1820 697 1870 cognitis
722 1832 816 1855 nova
842 1819 1036 1867 imponant.
1089 1818 1231 1863 Quodsi
1259 1818 1294 1854 in
1320 1817 1449 1853 eadem
1476 1815 1598 1864 specie
1613 1813 1756 1862 saepius

158 1879 310 1920 iteratur,
342 1882 377 1914 et
403 1877 532 1913 horum
560 1879 745 1914 nominum
773 1877 1057 1927 unumquodque
1081 1891 1168 1914 suos
1190 1878 1348 1913 fautores
1372 1875 1514 1916 invenit,
1544 1874 1629 1909 dum
1644 1871 1757 1908 veteri

158 1942 193 1974 et
217 1939 314 1985 justo
341 1937 487 1973 nomine
514 1937 580 1973 alia
606 1937 746 1986 species
772 1937 816 1973 ab
843 1937 912 1973 alio
938 1936 1112 1985 scriptore
1141 1940 1299 1978 vocatur,
1336 1936 1463 1984 ingens
1507 1933 1662 1982 denique
1690 1943 1754 1966 ex-

158 1997 255 2032 sistat
279 1996 498 2045 perturbatio
524 2009 674 2032 necesse
703 2001 764 2033 est.
819 1996 972 2032 Nomina
999 1995 1158 2038 collecta,
1187 2008 1279 2044 quae
1303 1994 1459 2044 singulas
1487 1993 1627 2042 species
1647 1990 1755 2040 signi-

159 2057 271 2098 ficant,
302 2059 335 2091 et
362 2068 454 2104 quae
478 2068 602 2092 secum
629 2055 765 2092 trahant
789 2055 983 2104 scriptores
1010 2054 1243 2104 insequentes
1269 2054 1448 2090 interdum
1476 2056 1627 2100 oportet,
1663 2061 1755 2085 onus

160 2114 223 2150 arti
249 2114 495 2164 gravissimum
519 2116 593 2162 jam
616 2119 814 2156 evaserunt,
844 2114 951 2164 qnod,
982 2126 1196 2163 quacunque
1223 2112 1361 2149 ratione
1385 2111 1463 2147 fieri
1494 2110 1614 2159 possit,
1653 2120 1753 2144 amo-

159 2173 315 2208 vendum
342 2185 432 2215 esse,
458 2172 560 2209 facile
589 2186 748 2209 censeas.
802 2174 843 2209 Id
870 2178 988 2209 autem
1017 2186 1125 2222 quum
1154 2172 1248 2208 effici
1278 2184 1351 2207 non
1379 2169 1505 2219 possit,
1546 2168 1630 2204 nihil
1657 2166 1752 2202 aliud

159 2231 340 2273 habemus,
369 2231 467 2280 quod
493 2244 650 2282 agamus,
677 2245 783 2282 quam
810 2237 847 2268 ut
874 2245 940 2281 pro
968 2244 1032 2267 sua
1060 2231 1211 2281 quisque
1236 2236 1335 2279 parte
1350 2229 1534 2270 enitamur,
1562 2240 1607 2263 ne
1625 2226 1660 2262 in
1676 2225 1753 2262 dies

158 2295 294 2326 crescat
320 2289 389 2326 hoc
414 2289 554 2332 malum,
587 2291 685 2340 quod
725 2304 770 2327 eo
805 2291 881 2327 fere
915 2295 1078 2339 spectare
1114 2290 1263 2331 videtur,
1296 2292 1331 2324 ut
1356 2301 1422 2336 pro
1452 2300 1523 2323 una
1549 2286 1752 2334 eademque

159 2348 340 2397 disciplina
364 2353 415 2384 tot
441 2349 486 2385 ad
521 2354 742 2398 postremum
776 2349 988 2391 habeamus,
1025 2354 1111 2398 quot
1147 2353 1228 2384 sunt
1265 2347 1389 2397 populi
1427 2346 1672 2395 nationesque.
1704 2367 1750 2372 —-

158 2407 274 2457 Leges
299 2412 333 2443 et
353 2412 542 2456 praecepta
570 2408 871 2450 nomenclaturae,
901 2421 993 2458 quae
1021 2410 1132 2444 Series
1149 2410 1195 2455 <ff
1215 2410 1450 2457 Proposite'ons
1466 2408 1538 2454 fol·
1568 2407 1751 2451 rendering

162 2467 214 2502 tlte
239 2467 500 2503 Nomenclature
526 2468 571 2514 of
595 2468 745 2515 Zoology
768 2470 922 2515 megsorm
953 2470 1027 2504 ancl
1041 2476 1264 2517 permanent,
1293 2466 1391 2513 being
1424 2467 1477 2502 tlze
1503 2467 1635 2514 Report
1663 2465 1708 2512 of
1728 2478 1750 2499 α

165 2524 356 2561 Committee
368 2527 441 2572 for
468 2526 521 2561 the
547 2528 795 2562 consideration
822 2529 868 2574 ⁰f
885 2527 939 2563 tlte
964 2527 1093 2574 subject
1113 2528 1305 2576 appointed
1315 2525 1358 2574 by
1374 2526 1426 2562 the
1445 2525 1582 2561 Bs-itisla
1601 2530 1750 2559 associa-

161 2589 228 2618 tion
244 2585 315 2630 for
342 2585 394 2619 the
420 2586 673 2620 Adzvancement
696 2586 742 2631 of
763 2586 898 2621 Science
926 2585 1092 2634 inscripta
1117 2585 1153 2621 in
1181 2586 1318 2621 Annals
1343 2586 1418 2620 [md
1440 2587 1539 2631 Mag.
1568 2585 1614 2630 of
1632 2584 1747 2618 Nutu-

163 2642 220 2676 ral
243 2642 387 2689 History
417 2643 527 2677 Series
554 2648 568 2677 Ι
605 2643 672 2678 Vol.
702 2643 765 2678 XI
777 2658 817 2692 p.
844 2646 906 2680 259
933 2658 1016 2692 seqq.
1043 2643 1219 2692 leguntur,
1247 2644 1438 2692 plurimum
1462 2642 1599 2690 jamdiu
1623 2642 1657 2677 in
1683 2641 1747 2676 hac
