2435 3188
1679 244 1733 284 73

176 357 238 392 bus
265 356 347 391 tertii
374 355 463 403 paris
491 354 651 401 exceptis,
679 366 764 402 quae
791 354 898 388 annuli
920 353 997 387 loco
1026 351 1186 386 maculam
1216 356 1339 384 tantum
1369 349 1493 383 fuscam
1511 350 1628 384 subtus
1646 351 1784 389 habene

175 420 263 452 tarsi
289 415 381 461 nigri,
410 414 480 450 basi
511 414 656 448 testacei.
711 412 898 457 Unguiculi
924 412 1018 458 nigri.
1075 410 1146 444 Pili
1177 410 1206 443 in
1241 408 1365 457 pedum
1396 409 1545 455 partibus
1585 409 1783 444 fuscioribus

170 475 286 523 partim
316 474 408 521 nigri,
436 474 466 508 in
493 473 643 521 partibus
670 477 778 506 autem
807 471 962 506 testaceis
1000 469 1099 505 albidi
1129 468 1181 504 vel
1210 469 1331 503 cinerei
1370 474 1460 507 sunt·,
1500 467 1616 501 eadem
1659 470 1784 503 ratione

173 533 282 568 aculei
309 532 361 567 vel
388 533 446 567 toti
473 533 567 580 nigri,
597 530 649 566 vel
676 531 825 572 testacei,
853 530 925 565 basi
952 531 1046 577 nigri.
1100 527 1136 563 In
1163 528 1281 576 patella
1312 539 1412 574 supra
1437 527 1634 574 plerumque
1665 528 1784 562 adsunt,

172 591 319 628 maculae
341 597 417 634 tres,
444 605 463 627 e
486 592 560 640 pilis
587 590 808 624 albicantibus
835 589 994 624 formatae
1020 595 1053 624 et
1078 589 1110 622 in
1137 586 1333 634 triangulum
1360 585 1553 633 dispositae.

319 691 548 727 Abdomen
576 691 752 738 nigricans,
781 690 1079 726 fusco-testaceum
1107 690 1160 725 vel
1191 690 1369 724 cinereum.
1426 685 1461 721 In
1493 688 1655 735 exemplis
1682 687 1783 722 abdo-

173 756 262 786 mine
288 756 389 797 nigro
418 751 470 786 vel
492 751 712 797 nigrofusco
741 763 816 785 area
853 749 1165 785 ante-tubercularis
1200 749 1306 783 antice
1334 746 1458 781 surcula
1486 747 1559 781 alba
1587 754 1695 781 notata
1724 755 1783 788 est,

170 810 290 846 deinde
318 810 444 846 lineolis
482 809 610 844 duabus
652 810 759 844 antice
789 810 873 843 inter
902 823 938 844 se
966 808 1324 857 appropinquantibus,
1355 806 1453 847 albis,
1485 812 1562 842 tum.
1600 807 1629 840 in
1673 807 1782 841 medio

168 871 253 905 inter
279 870 461 911 tubercula,
489 868 615 903 macula
645 867 958 916 sub-quadrilatera,
987 870 1094 903 antice
1119 868 1233 908 libera,
1267 867 1363 900 etiam
1388 865 1471 906 alba,
1500 878 1517 899 a
1549 878 1611 913 qua
1638 866 1784 900 exoritur

167 943 242 965 area
270 935 407 978 angusta
436 928 627 969 lanceolata,
657 927 759 967 fusca,
787 928 893 962 antice
923 928 1027 970 latior,
1069 929 1100 963 in
1135 926 1245 962 medio
1288 925 1557 972 albo-punctam,
1598 925 1690 959 lineis
1730 926 1781 960 vel

170 990 302 1038 punctis
328 989 410 1024 albis
438 988 568 1023 delinita
594 993 627 1022 et
654 986 723 1022 fere
748 986 790 1021 ad
817 1000 914 1021 anum
951 993 1097 1022 extensa.
1150 985 1247 1021 Haec
1275 997 1349 1019 area
1380 984 1542 1018 interdum
1572 984 1669 1019 valde
1698 984 1782 1018 obli-

169 1054 272 1083 terata
300 1054 360 1083 est.
411 1046 503 1082 Area
533 1046 673 1081 dorsalis
702 1047 832 1094 postice
860 1059 876 1080 a
905 1046 997 1081 lineis
1026 1046 1156 1081 duabus
1197 1044 1374 1079 includitur
1401 1043 1710 1085 dentato-sinuosis,
1736 1044 1782 1077 al-

165 1108 226 1149 bis,
251 1107 362 1155 paullo
390 1119 479 1155 pone
519 1106 691 1142 tubercula
729 1106 922 1147 orientibus,
963 1119 1070 1153 usque
1101 1104 1142 1139 ad
1169 1104 1327 1138 mamillas
1368 1103 1543 1150 productis
1571 1103 1684 1150 ibique
1711 1102 1781 1137 sere

166 1167 374 1202 coeuntibus.
429 1165 622 1201 Tubercula
652 1165 830 1201 humeralia
859 1166 1066 1200 extrinsecus
1094 1165 1285 1204 albicantia·,
1316 1162 1416 1197 latera
1445 1162 1632 1196 abdominis
1648 1176 1689 1197 ex
1705 1162 1781 1197 albo

166 1232 198 1261 et
224 1227 319 1274 nigro
348 1226 607 1273 sub-variegata.
669 1223 800 1259 Puncta
839 1230 1013 1272 praeterea
1051 1224 1125 1259 alba
1166 1223 1255 1258 nullo
1300 1221 1416 1256 ordine
1445 1235 1561 1269 sparsa
1590 1227 1622 1256 et
1648 1223 1677 1256 in
1706 1234 1781 1256 area

166 1285 466 1326 ante-tuberculari,
497 1291 530 1320 et
555 1298 633 1319 mox
660 1297 749 1332 pone
777 1284 948 1319 tubercula
976 1284 1193 1319 inveniuntur.
1260 1281 1380 1316 Venter
1405 1282 1508 1328 niger,
1537 1281 1673 1315 maculis
1700 1280 1781 1315 dua-

166 1345 228 1380 bus
255 1344 346 1379 flavis
372 1345 404 1379 in
430 1344 540 1379 medio
566 1345 650 1380 inter
674 1345 840 1393 epigynen
867 1348 901 1377 et
924 1343 1099 1383 mamillas,
1131 1356 1206 1377 curn
1239 1341 1370 1376 duabus
1399 1340 1478 1381 aliis,
1517 1341 1710 1382 minoribus,
1739 1340 1779 1374 ad

166 1405 264 1440 latera
292 1404 504 1438 mamillarum
531 1404 612 1446 sitis,
640 1403 835 1451 quadratum
865 1401 933 1437 fere
961 1402 1190 1450 figurantibus.
1244 1401 1410 1449 Epigyne
1440 1401 1547 1447 picea,
1573 1413 1679 1447 scapo
1711 1400 1779 1434 basi

169 1464 266 1499 luteo.

314 1522 479 1571 Exempla
506 1527 640 1557 cinerea
664 1522 716 1557 vel
749 1520 977 1557 sub-testacea
1014 1519 1154 1555 eandem
1191 1519 1315 1555 babent
1342 1520 1514 1567 picturam.
1569 1518 1660 1553 Area
1688 1525 1776 1553 ante-

168 1582 382 1618 tubercularis
408 1582 648 1630 triangulariter
675 1581 894 1630 nigro—fusca,
923 1580 1119 1628 praesertim
1147 1580 1288 1628 spatium
1316 1580 1400 1614 inter
1427 1578 1598 1614 tubercula
1628 1591 1702 1612 eum
1730 1577 1780 1612 bis

167 1642 249 1690 ipsis
277 1654 385 1689 supra,
413 1641 504 1690 quod
531 1641 694 1677 interdum
724 1653 808 1689 pure
836 1641 964 1688 nigrum
992 1645 1052 1681 est,
1095 1639 1212 1674 lineam
1241 1645 1463 1674 transversam
1493 1645 1594 1673 atram
1623 1638 1780 1678 reserens,

169 1701 295 1736 macula
325 1701 487 1736 albissima
514 1701 730 1749 interruptam
756 1700 947 1750 (straneas
973 1705 1134 1745 virgatas
1164 1698 1376 1748 Clerck.!).
1431 1697 1521 1733 Area
1550 1697 1690 1732 dorsalis
1705 1711 1778 1732 ver-

169 1774 226 1796 sus
254 1774 349 1795 anum
377 1760 559 1795 sub-susea.
612 1759 739 1795 Lineae
765 1760 860 1794 albae
891 1759 1202 1794 dentato-sinuosae
1227 1760 1314 1794 intus
1348 1758 1664 1807 nigro-marginatae
1696 1764 1779 1796 sunt,

169 1820 323 1855 dentibus
351 1819 447 1867 hujus
474 1820 614 1868 nigroris
641 1820 773 1867 longius
799 1818 962 1854 interdum
990 1832 1108 1854 versus
1135 1819 1279 1854 medium
1315 1819 1451 1853 dorsum
1481 1817 1658 1865 protensis.
1711 1815 1778 1850 La-

171 1885 239 1914 tera
268 1879 450 1914 abdominis
476 1880 562 1914 vittis
589 1879 732 1927 obliquis
760 1879 960 1914 fuscioribus
985 1884 1105 1920 notata,
1129 1885 1162 1913 et
1189 1880 1275 1914 serie
1302 1891 1343 1913 ex
1369 1877 1506 1912 maculis
1524 1876 1678 1923 obliquis,
1699 1876 1778 1909 sub-

169 1939 341 1979 continuis,
368 1939 469 1986 nigris
497 1938 644 1980 formata,
671 1938 782 1986 paullo
812 1938 874 1973 sub
904 1938 1074 1973 tubercula
1105 1938 1273 1986 incipienti
1301 1943 1333 1972 et
1360 1937 1400 1971 ad
1428 1935 1586 1971 mamillas
1606 1934 1778 1975 desinenti,

168 1997 210 2032 ab
239 1997 391 2032 inferiore
415 1997 590 2033 abdomine
618 1997 816 2045 plerumque
843 1999 1002 2043 sejuncta.
1059 1995 1188 2032 Szebtus
1217 2003 1291 2032 ante
1320 2003 1352 2031 et
1378 2009 1478 2044 supra
1503 1994 1662 2042 petiolum
1680 1993 1776 2041 plaga

169 2057 321 2104 utrinque
349 2070 466 2104 magna
494 2056 610 2098 lunata,
648 2056 773 2092 flavens
801 2056 964 2091 interdum
993 2058 1206 2104 conspicitur.
1276 2055 1397 2090 Venter
1430 2056 1533 2102 niger,
1568 2053 1776 2087 flavescenti-

169 2116 372 2163 variegatus3
397 2128 470 2150 cum
497 2116 632 2150 maculis
662 2115 764 2157 flavis,
792 2128 929 2163 quarum
958 2129 1058 2163 supra
1086 2116 1303 2155 meminimus,
1331 2114 1451 2148 adsunt
1486 2112 1650 2147 interdum
1693 2111 1777 2146 duae

168 2175 249 2210 aliae
276 2174 315 2209 ad
346 2176 566 2210 extremitates
593 2175 692 2210 rimae
721 2175 882 2223 genitalis,
908 2175 1058 2222 aliaeque
1085 2187 1217 2222 parvae,
1251 2186 1390 2208 numero
1420 2173 1582 2220 quinque,
1618 2171 1649 2204 in
1677 2171 1776 2204 semi-

171 2234 327 2268 circulum
354 2240 427 2269 ante
459 2234 615 2269 mamillas
649 2233 841 2282 dispositae.
882 2254 926 2260 —
968 2238 988 2269 ὃ
1012 2233 1067 2267 ad.
1099 2233 1196 2281 hujus
1222 2239 1254 2268 et
1281 2232 1485 2280 insequentis
1512 2230 1676 2264 varietatis
1700 2229 1776 2263 mihi

169 2293 272 2340 ignoti
299 2298 382 2327 sunt.

323 2364 410 2398 Var.
433 2362 470 2405 β.
494 2363 554 2414 (0⁷¹
576 2368 655 2411 jun.
681 2370 714 2399 et
741 2368 758 2401 ἓ
781 2362 866 2414 ad.)
892 2364 1020 2411 pictura
1056 2368 1178 2397 tantum
1207 2361 1393 2398 abdominis
1421 2366 1476 2395 aut
1501 2358 1697 2407 nigro-susci
1723 2365 1777 2393 aut

170 2422 419 2458 fusco-testacei
445 2422 559 2458 differt.
611 2422 709 2458 Loco
737 2423 883 2458 surculae
911 2429 944 2457 et
971 2422 1163 2457 lineolarum
1188 2422 1340 2469 proxime
1364 2420 1572 2467 sequentium
1590 2418 1684 2453 adest
1708 2431 1775 2452 ma-

174 2481 246 2515 cula
270 2494 399 2529 magna,
429 2482 680 2529 sub-triangula.
707 2483 838 2529 postice
866 2482 1078 2528 emargffiata,
1104 2480 1229 2516 ssavens
1257 2480 1310 2515 vel
1340 2479 1436 2520 fulva,
1467 2479 1666 2526 punctisque
1699 2491 1776 2526 par-

171 2539 221 2573 vis
246 2540 347 2586 nigris
373 2546 492 2574 notata.
545 2538 681 2574 Macula
724 2542 808 2575 inter
847 2540 1018 2575 tubercula
1058 2539 1175 2581 media,
1199 2540 1312 2581 libera,
1351 2540 1381 2573 in
1417 2538 1498 2573 Var.
1526 2552 1550 2571 ει
1577 2537 1775 2585 plerumque

174 2596 399 2643 quadrilatera,
425 2598 456 2632 in
484 2597 547 2632 hae
573 2600 729 2634 varietate
758 2599 1000 2646 sub-triangula
1029 2605 1080 2634 est
1107 2599 1158 2634 vel
1187 2598 1344 2633 surculam
1373 2596 1481 2638 refert,
1510 2595 1699 2643 eodemque
1727 2602 1775 2629 est

1585 2662 1630 2696 10
