2435 3188
1625 238 1706 279 :315

311 360 405 396 Haec
435 359 520 393 thalli
548 370 641 404 pars,
668 367 685 388 a
720 352 937 399 liclienologis
971 352 1068 385 variis
1108 348 1294 384 nominibus
1326 348 1498 387 instructa,
1534 347 1607 380 mihi
1637 346 1765 381 videtur

211 434 286 456 esse
317 420 403 454 thalli
432 419 532 452 forma
564 416 688 462 optime
715 412 862 451 evoluta,
891 424 965 445 cum
999 409 1189 444 Usnenrum
1217 408 1349 441 omnino
1375 419 1580 452 congruens,
1618 412 1764 452 praeter-

213 493 309 528 quam
338 477 427 527 qnod
467 476 581 510 harum
615 478 749 508 stratum
783 470 938 505 corticale
967 475 999 503 et
1026 467 1190 515 gonidiale
1216 466 1321 512 magis
1348 472 1397 499 est
1426 465 1617 512 persistens.
1674 463 1765 498 Varii

211 552 283 574 eam
312 541 560 586 proposuerunt
600 532 807 571 sententiam,
849 527 1070 577 pliyllocladia
1103 539 1216 561 verum
1253 526 1369 559 sistere
1406 523 1537 557 thallum
1573 529 1605 557 et
1631 522 1764 570 podetia

211 611 286 633 esse
309 593 534 631 tantummodo
550 592 679 638 stipites
700 590 813 624 melius
839 589 992 623 evolutos
1017 600 1114 635 quam
1139 587 1168 620 in
1195 585 1424 631 Baeomycete,
1455 582 1595 618 Calicizsss
1620 582 1766 629 aliisque.

213 656 313 695 Quod
340 656 365 689 si
392 653 488 688 nobis
517 651 673 699 placeret,
699 649 760 683 hae
788 648 919 696 plantae
948 660 965 682 e
990 645 1195 680 Lichenibus
1212 643 1461 678 thamnoblastis
1486 641 1637 676 KOERB.
1657 647 1767 675 essent

212 713 437 751 excludendae
467 718 498 746 et
526 716 557 744 at
580 708 673 744 Lieh.
702 707 945 757 pliylloblastos
977 704 1184 745 referendae,
1218 702 1407 749 eodemque
1449 703 1518 747 jure
1545 700 1608 734 dici
1636 705 1769 747 posset,

215 774 341 809 Usveas
369 771 467 806 thallo
497 782 576 804 vero
604 782 718 803 carere
744 773 775 801 et
803 780 843 801 ex
871 765 1055 813 apotlieciis
1093 775 1276 810 eorumque
1314 761 1478 809 stipitibus
1516 760 1655 794 ramosis
1689 772 1768 793 con-

211 834 336 871 sistere,
364 829 454 878 quod
479 836 586 863 tamen
616 829 668 862 vix
695 827 777 861 nllus
804 824 1058 870 Liclienologns
1082 823 1250 870 probaret.
1280 841 1324 847 -—
1355 820 1424 854 Cel.
1444 818 1639 853 KOERBER
1660 816 1768 867 (Syst.

210 891 302 926 Lieh.
336 889 451 925 Germ.
479 902 509 936 p.
535 888 573 933 9)
603 892 692 921 recte
720 885 934 920 differentiam
974 885 1057 918 inter
1090 883 1217 929 stipites
1258 878 1532 925 (Fruchttrager)
1566 884 1598 913 et
1635 877 1767 925 podetia

212 950 396 998 proposuit,
440 957 472 983 et
510 948 563 981 vix
601 945 814 980 crederemus
854 945 937 978 inter
966 943 1140 977 universos
1167 940 1313 975 lichenes
1341 937 1460 972 adesse
1490 951 1585 971 unam
1622 938 1770 984 speciem

211 1010 376 1057 stipitibus
401 1008 539 1042 ramosis
567 1005 617 1039 vel
646 1004 818 1052 apotliecia
846 1001 986 1036 lateralia
1015 1001 1207 1048 gerentibus
1236 998 1428 1047 praeditam.

316 1109 347 1144 b.
408 1109 706 1144 I‘nYLLOCLADm
728 1106 759 1153 ¹⁸)
802 1104 964 1152 (crustm
1006 1102 1176 1138 HorrM.:
1211 1100 1360 1146 foliola:
1404 1098 1527 1139 LmN„
1568 1096 1770 1135 WHLNBG.:

208 1184 378 1216 gemmae:
404 1167 551 1204 HOOK.;
584 1165 756 1212 granula:
784 1163 894 1203 Aen„
921 1162 1003 1201 1⁴‘L.;
1045 1161 1208 1195 rctcemuli
1235 1165 1415 1194 seminum:
1443 1156 1570 1197 MICH.;
1613 1161 1770 1190 ramices:

210 1228 387 1267 WfALLiz.;
412 1240 588 1274 squamae:
616 1224 694 1262 FL.;
717 1222 932 1271 squamulae:
957 1220 1069 1260 Aen„
1090 1219 1173 1259 ΡΗ,
1204 1218 1362 1258 SMRFT.‚
1387 1217 1566 1257 SCHAER„
1589 1214 1771 1254 MASSAL.;

213 1288 412 1336 squamulae
440 1291 474 1320 et
500 1284 750 1334 protollmllns:
778 1281 945 1319 K()ERB.;
973 1293 1151 1314 verrucae:
1177 1277 1333 1323 HAGEN)
1362 1276 1396 1311 in
1423 1275 1508 1324 ipsis
1536 1273 1689 1322 podetiis
1714 1273 1771 1309 vel

212 1347 307 1396 apud
333 1343 521 1381 nonnullas
546 1342 686 1391 species
716 1340 761 1376 ad
789 1339 888 1375 basin
916 1350 1043 1373 eorum
1069 1337 1148 1377 sita,
1186 1336 1221 1371 in
1247 1334 1440 1384 speciebus
1470 1332 1628 1382 plurimis
1654 1333 1771 1368 Euro-

211 1406 311 1455 paeis
334 1405 486 1440 formam
520 1400 728 1451 praebentia
763 1409 995 1434 verrucosam
1027 1397 1046 1432 l.
1074 1395 1330 1431 subfoliaceam
1365 1393 1494 1441 (rarius
1525 1392 1559 1427 in
1586 1391 1771 1440 pulverem

213 1465 354 1513 soluta),
381 1464 416 1498 in
443 1458 754 1508 extra—europaeis
781 1462 900 1493 autem
923 1456 1132 1505 saepissime
1156 1453 1191 1489 in
1223 1452 1381 1489 ramulos
1406 1451 1549 1487 evoluta
1569 1450 1772 1487 corallinoi-

213 1524 320 1563 deos,
349 1523 460 1569 magis
481 1521 642 1556 minusve
672 1517 806 1553 divisos
831 1521 866 1552 et
891 1515 1045 1564 podetiis
1061 1513 1208 1550 omnino
1225 1512 1373 1553 similes,
1402 1514 1652 1559 praeterquam
1674 1509 1773 1559 quod

214 1571 438 1633 graciliores,
464 1581 557 1616 intus
585 1578 762 1615 interdum
790 1573 1137 1611 araneoso-floccosi
1164 1576 1198 1608 et
1224 1576 1334 1608 strato
1356 1569 1514 1606 corticali
1542 1573 1576 1605 et
1602 1569 1773 1619 gonidiali

214 1654 359 1690 semper
385 1641 404 1676 l.
433 1640 557 1676 saltem
581 1638 640 1673 diu
667 1636 749 1672 tecti
775 1640 857 1671 sunt
885 1647 953 1670 nec
984 1646 1154 1682 umquam
1182 1630 1370 1681 apothecia
1394 1629 1590 1678 proferunt.

316 1728 373 1763 De
402 1741 478 1762 vera
506 1727 620 1760 harum
648 1725 789 1772 partium
818 1722 928 1757 indole
958 1723 1064 1755 variae
1091 1721 1284 1768 propositae
1313 1724 1387 1753 sunt
1415 1718 1590 1764 opiniones
1619 1715 1772 1750 arduum-

216 1802 280 1837 que
309 1795 421 1836 potest
448 1785 550 1820 videri
579 1784 620 1818 de
644 1783 705 1817 hac
731 1796 766 1817 re
793 1781 952 1830 quidquid
978 1794 1040 1828 pro
1066 1785 1157 1814 certo
1186 1778 1356 1812 affirmare.
1411 1775 1448 1811 Si
1477 1782 1585 1810 autem
1615 1774 1770 1810 concedi-

216 1861 306 1888 mus,
333 1853 480 1881 naturam
507 1844 619 1891 organi
649 1842 820 1889 cujusdam
848 1855 866 1876 e
895 1840 996 1874 forma
1025 1841 1097 1886 ejus
1121 1839 1245 1886 optime
1274 1836 1405 1872 evoluta
1433 1837 1640 1883 potissimum
1670 1848 1772 1882 posse

219 1907 363 1955 perspici
391 1906 579 1951 formasque
607 1903 797 1937 aberrantes
828 1914 868 1935 ex
893 1900 955 1934 hac
982 1912 1058 1934 esse
1086 1896 1311 1937 declarandas,
1338 1903 1404 1930 tum
1434 1896 1485 1930 hic
1514 1896 1602 1930 velut
1623 1893 1772 1929 Gordius

217 1966 323 2001 nodus
348 1966 444 1999 nobis
473 1976 551 1998 sane
579 1962 707 1996 videtur
738 1962 807 1995 sine
834 1960 895 1993 ulla
925 1958 1112 1993 difficultate
1138 1970 1241 2005 posse
1268 1956 1427 1990 extricari.
1483 1953 1521 1989 Si
1550 1955 1634 1989 enim
1660 1955 1689 1987 in
1719 1953 1770 1987 St.

219 2026 441 2064 ramulosum,
472 2023 653 2069 claviceps,
681 2025 855 2059 strictum,
898 2019 1040 2053 Vulcani
1076 2017 1219 2064 aliaque,
1259 2028 1344 2063 quae
1388 2014 1619 2063 pliyllocladiis
1648 2014 1772 2060 optime

218 2085 358 2120 evolutis
390 2089 502 2118 ornata
542 2094 618 2116 esse
649 2081 700 2114 vix
729 2081 902 2127 quisquam
934 2083 1044 2125 potest
1084 2090 1224 2124 negare,
1264 2075 1381 2109 oculos
1421 2074 1661 2114 convertimus,
1697 2085 1772 2106 mox

220 2144 379 2183 videmus,
403 2140 622 2191 phyllocladia
650 2152 764 2174 eorum
791 2137 963 2173 crescendi
995 2136 1095 2170 modo
1124 2142 1156 2170 et
1186 2136 1305 2174 forma,
1341 2133 1553 2181 gracilitatem
1588 2133 1613 2166 si
1648 2132 1772 2179 excipi-

223 2217 311 2243 mus,
346 2203 477 2236 omnino
511 2214 585 2235 cum
620 2198 763 2246 podetiis
803 2209 989 2245 congruere
1026 2208 1136 2243 neque
1174 2196 1298 2228 interna
1333 2198 1493 2227 structura
1523 2192 1563 2225 ab
1591 2191 1650 2225 illis
1675 2191 1773 2226 valde

223 2262 410 2296 abhorrere..
464 2259 501 2294 In
526 2260 672 2306 utrisque.
707 2258 799 2292 adest
845 2258 928 2291 enim
970 2255 1110 2289 medulla
1148 2260 1249 2289 strato
1285 2251 1480 2300 gonidiifero
1512 2257 1613 2291 tecta,
1655 2254 1772 2298 (quare

224 2321 371 2355 facillime
408 2320 631 2366 intelligimus,
662 2316 882 2366 pliyllocladia
925 2316 1053 2349 minime
1089 2327 1163 2348 esse
1205 2312 1466 2347 »excrescentias
1495 2310 1653 2357 quasdam
1685 2311 1774 2344 strati

226 2379 405 2413 corticalis«
425 2378 482 2423 ⁸⁸⁴*))
511 2377 601 2425 quod
629 2383 734 2411 tamen
756 2382 908 2416 stratum,
939 2381 971 2408 ut
1007 2386 1106 2421 supra
1134 2372 1283 2412 diximus,
1309 2373 1338 2405 in
1366 2370 1510 2418 podetiis
1538 2383 1601 2404 uon
1630 2370 1775 2416 persistit

278 2472 297 2499 ')
318 2470 388 2494 Inviti
408 2479 470 2495 saue
490 2471 554 2495 lianc
575 2479 667 2495 noram
688 2470 925 2495 denominationem
946 2469 969 2493 in
991 2467 1203 2500 Liclienologiain
1223 2465 1430 2492 introduximus,
1458 2463 1504 2488 sed
1530 2472 1622 2497 quum.
1650 2470 1774 2497 quantum

180 2511 281 2545 quidem
303 2513 405 2541 scimus,
424 2513 492 2538 adsit
511 2513 580 2538 nulla
600 2514 654 2542 alia,
675 2522 725 2547 qua
746 2512 1001 2547 eoinprehendantnr
1020 2516 1072 2535 tuni
1092 2509 1245 2544 squamulae
1265 2512 1287 2533 in
1307 2508 1421 2542 podetiis
1441 2516 1518 2541 quum
1538 2507 1572 2531 ml
1590 2506 1658 2531 qusr'n
1686 2515 1774 2531 eorum

180 2556 257 2580 sitne,
278 2555 374 2587 optima
393 2555 455 2580 haec
473 2557 549 2580 nobis
569 2557 623 2581 visa
643 2563 690 2581 est.

282 2607 311 2635 ⁸⁸)
330 2605 464 2631 Refcllitur
481 2607 544 2632 liacc
565 2608 692 2631 sententia
713 2615 743 2631 ea
761 2607 900 2640 praecipue
929 2614 963 2635 re,
993 2605 1064 2639 quod
1093 2604 1270 2639 phyllocladia
1299 2604 1334 2629 St.
1353 2604 1495 2628 condensati
1520 2603 1679 2635 aliorumque
1708 2601 1774 2625 lata*>

181 2658 260 2683 saepe
282 2649 372 2683 plagas
393 2657 521 2683 occupant
540 2651 595 2675 sine
615 2650 666 2675 ullo
687 2649 784 2683 podetii
804 2650 915 2683 vestigio
937 2649 950 2674 i.
969 2657 989 2673 e⁴
1008 2652 1071 2680 (sec.
1091 2648 1153 2673 cell.
1172 2648 1306 2673 Kozneri:
1325 2653 1351 2672 et
1369 2646 1534 2676 NYLANDER)
1564 2649 1672 2669 stratum
1701 2644 1774 2677 goni>
