2435 3188
1660 257 1713 296 75

171 368 479 410 ante-tuberculari
507 365 663 402 fusciore
687 364 789 400 adest
814 363 1010 410 triangulus
1038 373 1205 411 magnuS‚
1235 361 1400 409 utrinque
1427 361 1669 401 unidentatus,
1696 372 1769 395 ina-

169 432 245 468 cula
270 431 359 466 inter
383 425 566 464 tubercula
579 423 696 460 media
715 435 797 458 cum
821 435 905 458 area
919 421 1127 463 lanceolata,
1154 423 1313 469 angusta,
1341 418 1511 454 lateribus
1526 419 1768 459 sub-sinuosa,

168 503 230 539 per
255 499 372 524 aream
397 484 574 521 (lorsalem
600 482 645 518 ad
669 494 776 518 anum
805 487 966 522 extensa,
995 482 1226 528 conjunctus:
1255 482 1382 514 venter
1397 477 1564 526 aequalis,
1593 477 1770 525 epigynes

167 559 318 596 corpore
345 544 469 581 subtus
496 541 733 591 impressione
750 540 854 576 unica
870 539 1051 589 profunde
1080 538 1343 587 sub-bipartit0‚
1368 536 1538 573 lateribus
1565 542 1770 571 transverse

165 607 309 647 sulcato,
341 616 452 652 scapo
493 600 660 641 m-formi.
694 622 737 628 —
767 604 785 637 2
808 599 863 635 ad.

311 721 432 757 Descr.
461 724 478 756 2
500 721 554 754 ad.
585 740 628 745 —
658 718 766 753 Priori
795 718 835 753 ad
864 720 1013 767 speciem
1041 718 1200 753 simillima
1228 716 1312 752 haec
1339 728 1458 750 arenea
1475 720 1534 756 est,
1563 728 1648 763 quae
1664 722 1770 751 tamen

164 796 203 817 ex
230 782 332 816 forma
360 781 523 829 epigynes
551 784 583 813 et
609 778 740 813 del'ectu
771 778 1019 813 tuberculorum
1056 777 1248 811 venti-alium
1289 777 1359 811 sine
1401 775 1538 822 negotio
1573 777 1772 822 agnoscitur.

166 840 277 886 Major
302 841 397 875 etiam
425 839 568 874 exsistit:
600 837 942 885 ceplialotliorax
970 836 1174 884 longitudine
1217 847 1325 883 usque
1360 834 1402 868 ad
1431 835 1452 868 ὅ
1478 834 1614 875 minim„
1645 834 1712 869 sere
1739 840 1774 868 ut

164 902 192 934 in
222 898 261 933 E.
289 899 437 946 angulata
462 897 694 938 conformatus,
728 897 788 931 sed
831 897 940 945 paullo
982 897 1152 932 robustior
1179 901 1212 930 et
1239 894 1437 929 convexior:
1461 901 1569 941 parte
1595 892 1770 941 cephalica

162 959 266 993 antice
294 958 469 1006 paullulum
497 962 678 1004 angustata,
706 956 863 991 lateribus
891 957 988 1003 igitur
1012 968 1088 997 non,
1115 961 1150 990 ut
1175 956 1205 990 in
1234 954 1302 996 illa,
1330 954 1428 1002 plane
1456 952 1636 1001 parallelis,
1672 965 1772 999 supra

163 1019 265 1065 inagis
293 1031 441 1052 convexa
473 1026 506 1052 et
542 1016 762 1063 impressione
804 1015 877 1056 levi,
918 1022 1106 1050 transversa
1145 1021 1219 1049 ante
1253 1013 1396 1048 medium
1425 1013 1624 1060 plerumque
1654 1018 1773 1046 notata.

168 1075 393 1112 Tubero-ulum
432 1076 602 1111 oculorum
644 1075 842 1110 lateralium
884 1077 999 1115 minus,
1038 1087 1154 1122 parum
1191 1074 1426 1122 protuberans.
1492 1070 1772 1106 Mandibulae

163 1136 272 1184 paullo
301 1136 461 1170 l'ortiores.
515 1133 743 1182 Palporum
765 1148 857 1183 pars
884 1134 1027 1169 tarsalc's
1054 1135 1183 1182 apicem
1214 1146 1332 1168 versus
1360 1133 1463 1179 magis
1481 1136 1662 1178 angustata,
1692 1131 1771 1165 sub-

163 1197 352 1231 acuminata.
405 1194 547 1230 Pedes
575 1194 764 1229 breviores:
792 1195 887 1242 primi
915 1195 1003 1241 paris
1030 1192 1312 1242 cephalotliorace
1341 1191 1432 1239 32plo
1461 1196 1584 1224 tantum
1604 1190 1774 1237 longiores

163 1262 245 1290 sunt.
301 1254 360 1290 Ab
372 1254 519 1289 domen
550 1253 637 1301 long.
666 1266 772 1301 usque
800 1253 839 1288 ad
874 1254 915 1288 14
944 1253 1065 1288 millim.
1094 1258 1126 1287 et
1153 1258 1220 1286 tum
1249 1250 1372 1285 latitud.
1401 1252 1531 1285 circiter
1559 1250 1650 1297 127,
1684 1249 1774 1290 mill.,

162 1315 357 1362 plerumque
384 1319 491 1348 tamen
520 1314 625 1348 minus
653 1319 686 1348 et
709 1314 889 1361 angustius,
930 1313 1112 1348 tuberculis
1142 1317 1216 1346 ante
1252 1316 1380 1358 partum
1425 1310 1503 1345 satis
1544 1310 1658 1351 acutis,
1697 1315 1775 1356 post

163 1379 288 1421 partum
324 1386 439 1421 parum
478 1373 750 1420 prominentibus,
791 1372 1058 1420 sub-depressis.
1126 1371 1248 1406 Venter
1277 1370 1405 1418 planus,
1447 1369 1628 1404 tuberculis
1668 1369 1772 1403 nullis.

163 1431 255 1468 Vere
282 1433 416 1480 insignis
444 1439 495 1467 est
512 1433 593 1467 haec
609 1434 742 1480 species
767 1432 871 1466 forma
893 1438 1066 1481 epIgynes‚
1094 1432 1189 1477 cujus
1215 1444 1338 1478 corpus
1363 1429 1563 1464 ob-ovatum
1587 1434 1647 1469 est,
1671 1441 1772 1475 supra

163 1504 349 1526 convexum
376 1494 456 1537 (non
486 1492 530 1526 ob
558 1493 651 1539 scapi
678 1494 905 1539 receptionem
938 1493 1159 1537 excavatum),
1201 1490 1319 1525 subtus
1347 1501 1532 1524 concavum
1574 1488 1627 1522 vel
1664 1488 1775 1535 potius

163 1552 343 1592 incurvum,
371 1551 463 1586 sulco
492 1550 601 1586 medio
630 1551 796 1599 profundo
828 1552 1111 1600 sub-bipartitum,
1148 1551 1243 1597 apice
1272 1550 1421 1590 incisum,
1448 1547 1595 1589 nitidum,
1621 1547 1777 1581 lateribus

164 1624 205 1645 ex
229 1611 504 1658 impressionibus
532 1612 728 1646 transversis
757 1610 922 1658 profunde
950 1611 1092 1646 sulcatis.
1159 1609 1296 1658 Scarpias
1321 1614 1357 1642 ut
1381 1609 1411 1642 in
1439 1608 1551 1655 priori,
1579 1606 1639 1641 sed
1669 1607 1774 1641 minus

164 1676 328 1704 curvatus.
357 1692 402 1696 —
433 1668 600 1711 Ceterum,
629 1669 719 1718 quod
745 1670 786 1704 ad
813 1670 951 1705 sormam
977 1671 1099 1711 attinet,
1138 1682 1212 1704 cum
1243 1668 1310 1716 Ep.
1338 1667 1489 1716 angulata
1534 1666 1688 1701 omnibus
1718 1679 1777 1700 nu-

165 1729 262 1764 meris
288 1742 473 1776 congruere
499 1728 636 1765 videtur.

322 1845 420 1882 Color
447 1861 526 1882 vero
557 1848 647 1883 alius.
703 1847 1062 1895 Ceplialothorax
1088 1854 1266 1887 testaceus,
1294 1844 1564 1892 albido-pilosus,
1594 1843 1671 1876 vitta
1698 1843 1777 1877 late-

167 1905 222 1939 rali
249 1904 339 1939 fusca
374 1905 519 1954 undique
560 1909 686 1942 cinctus
713 1906 836 1954 (fronte
873 1907 1036 1942 interdum
1065 1908 1234 1955 excepta),
1268 1906 1299 1939 in
1327 1911 1422 1952 parte
1464 1903 1641 1943 thoracica‚
1682 1904 1776 1949 cujus

166 1977 279 2011 margo
308 1978 454 2000 summus
483 1972 649 2001 testaceus
676 1972 736 2008 est,
763 1966 878 2001 latiore
907 1980 1005 2014 quam
1033 1968 1063 2001 in
1093 1972 1187 2014 parte
1230 1964 1411 2012 cephalica,
1452 1975 1537 2010 quae
1572 1975 1671 2009 supra
1707 1962 1775 1996 sere

166 2029 231 2057 tota
259 2029 403 2059 testacea
434 2031 498 2066 θεῖς
526 2026 556 2060 in
582 2025 687 2060 media
713 2025 775 2060 hac
800 2032 894 2073 parte
923 2026 1042 2060 adsunt
1082 2031 1204 2073 puncta
1249 2024 1315 2058 duo
1343 2024 1434 2070 nigra
1463 2022 1574 2070 paullo
1603 2035 1692 2069 pone
1717 2023 1776 2055 ini-

167 2083 373 2130 pressionem
403 2090 633 2125 transversam,
670 2090 702 2120 et
740 2085 798 2119 alia
839 2084 906 2119 duo
944 2084 984 2119 ad
1015 2085 1114 2119 latera
1138 2085 1269 2131 foveae
1302 2083 1405 2131 partis
1445 2081 1683 2121 th01·acicae,a
1712 2094 1775 2128 qua

166 2141 247 2176 linea
272 2143 378 2177 tenuis
403 2143 503 2185 fusca,
532 2144 644 2179 colore
670 2150 818 2179 testaceo
856 2144 1053 2192 plerumque
1089 2145 1264 2191 geminata,
1291 2154 1399 2188 usque
1428 2140 1469 2175 ad
1497 2140 1614 2174 oculos
1647 2139 1776 2175 medios

167 2201 316 2247 posticos
344 2201 439 2236 ducta
468 2208 527 2237 est.
585 2202 662 2251 Ipsa
694 2203 789 2238 fovea
820 2216 894 2237 cum
932 2203 1210 2250 impressionibus
1250 2200 1429 2249 cephalicis
1470 2200 1566 2234 etiam
1606 2199 1774 2234 infuscata.

169 2258 365 2294 Sternun)
405 2262 543 2308 nigrum,
585 2262 869 2310 albido-pilosum,
914 2262 1040 2296 macula
1069 2274 1198 2309 magna,
1227 2260 1345 2300 media,
1385 2259 1540 2306 oblonga,
1568 2264 1723 2299 testacea,
1748 2259 1778 2293 in

169 2319 278 2354 medio
307 2322 505 2367 angustiore.
561 2320 685 2356 Oculi
717 2322 927 2369 nigricantes.
980 2320 1257 2355 Mandibulae
1293 2320 1417 2366 nigrae,
1446 2317 1491 2353 ad
1518 2316 1617 2352 basin
1650 2318 1777 2352 macula

169 2391 295 2425 magna,
320 2378 450 2420 dorsali,
468 2386 623 2423 testacea,
649 2382 929 2429 nigro-punctata.
982 2379 1192 2415 Maxillae
1220 2382 1343 2427 nigrae,
1359 2378 1507 2425 margine
1521 2377 1584 2411 late
1599 2383 1776 2412 testaceae.

170 2434 343 2472 Labium
366 2439 504 2485 nigrum,
531 2441 626 2488 apice
651 2445 843 2475 testaceum.
897 2439 1023 2488 Palpi
1051 2441 1197 2481 testacei,
1225 2438 1362 2486 singulis
1387 2437 1530 2472 articulis
1549 2437 1644 2484 apice
1660 2450 1776 2484 parum

170 2495 344 2530 infuscatis.
398 2496 536 2533 Pedes
565 2500 711 2541 testacei,
738 2499 860 2534 aculeis
886 2500 997 2546 nigris,
1025 2500 1120 2547 apice
1148 2498 1323 2538 testaceis,
1362 2511 1464 2532 coa-ae
1497 2497 1620 2544 nigrae,
1661 2496 1778 2531 subtus

172 2556 528 2597 testaceo-maculatae,
544 2558 690 2604 femora
717 2563 873 2598 testacea,
900 2559 1018 2592 annulo
1044 2559 1108 2592 lato
1134 2557 1176 2592 ad
1203 2558 1331 2605 apicem
1364 2570 1469 2604 nigro,
1509 2557 1604 2603 apice
1631 2556 1705 2602 ipso
1731 2560 1778 2588 ta-

176 2624 247 2644 men
275 2618 432 2654 testaceo,
461 2615 529 2649 basi
553 2629 668 2662 parum
696 2615 748 2649 vel
777 2629 841 2650 non
870 2616 1039 2658 infuscata,
1067 2617 1184 2651 subtus
1213 2617 1245 2651 in
1273 2616 1382 2650 medio
1419 2614 1542 2648 macula
1584 2628 1696 2662 parva,
1733 2615 1778 2647 ni-
