2435 3188
1684 257 1738 297 57⁴

336 352 482 389 Ultimus
508 352 615 400 hujus
643 352 830 401 dynastiae
858 352 1025 402 princeps
1053 358 1121 396 est,
1150 356 1254 402 cujus
1280 356 1378 392 numi
1407 360 1536 395 servati
1565 366 1655 397 sunt.
1706 363 1789 399 Duo

182 410 294 446 modo
323 415 514 459 supersunt
538 412 572 448 in
599 411 755 448 Felestin
785 412 876 454 cusi,
904 412 992 448 alter
1016 427 1163 457 aureus,
1192 414 1281 451 alter
1308 422 1510 466 argenteus.
1552 419 1622 454 (Tr.
1640 420 1790 464 1⁴'RAEnN‚

182 471 353 517 Samlzmg
378 471 502 506 klee'ner
532 471 702 508 Abltamll.
729 484 808 522 pag.
840 473 927 514 154,
956 478 991 509 et
1019 474 1165 515 SORET,
1194 475 1314 511 Leltre
1337 477 1425 511 izM.
1448 477 1617 525 Sareliegs,
1636 492 1714 529 pag.
1732 482 1789 516 59.

331 565 451 609 Quum
485 565 554 601 A'li
584 564 772 603 defunctus
798 567 910 604 filium
942 567 1053 603 modo
1085 572 1200 604 aetate
1230 581 1380 617 parvum
1409 570 1642 620 relinqueret,
1673 573 1790 608 Aba·

180 626 346 662 l*Mzcs·k
387 625 557 671 Kefar,
597 626 696 662 omni
740 627 917 663 modestia
958 628 1115 676 abjecta,
1151 627 1287 664 domini
1314 629 1390 665 veri
1417 643 1550 666 nomen
1579 636 1613 667 et
1639 631 1789 680 insignia

180 685 370 734 usurpavit.
423 686 558 721 Poetae
585 690 621 721 et
645 685 803 723 historici
835 687 961 723 laudes
990 689 1068 735 ejus
1097 688 1257 723 certatim
1284 689 1546 736 praedicarunt.
1601 680 1788 727 omnism-

177 757 247 781 xus
288 751 457 793 apparatu
493 745 750 789 circumdatus,
789 752 823 783 et
853 747 1047 783 ditissimae
1084 752 1203 783 terrae
1230 747 1378 790 arbiter,
1406 754 1525 798 partes
1552 750 1623 800 egit
1648 752 1787 799 patroni

177 804 463 854 generosissimi,
490 805 523 840 in
550 806 653 852 cujus
677 806 758 842 aula
786 806 938 856 quisque
968 819 1201 855 quocumque
1230 807 1341 842 modo
1359 806 1458 844 factis
1476 809 1623 845 dictisve
1642 810 1789 846 celeber

176 868 286 905 esset,
316 863 411 899 bene
440 864 679 912 recipiebatur
705 870 740 902 et
767 866 875 902 multa
901 865 1105 902 donabatur
1132 867 1294 914 pecunia.
1350 868 1389 902 In
1416 869 1544 904 mediis
1574 868 1698 905 vivens
1726 883 1788 918 pe-

174 922 310 966 riculis,
354 937 446 973 quae
487 937 558 960 non
599 925 665 961 nisi
705 925 862 962 sollertia
895 930 929 961 et
962 925 1086 961 astutia
1113 925 1278 962 evitanda
1308 932 1423 969 erant,
1452 928 1601 977 gratiam
1630 929 1788 965 ambibat

173 983 375 1032 principum
411 989 482 1020 tam
520 983 734 1021 fatimidicae
768 998 873 1034 quam
903 984 1134 1021 abbasidicae
1162 986 1294 1035 gentis,
1323 986 1442 1035 itaque
1471 987 1563 1023 dolis
1591 993 1626 1023 et
1652 988 1787 1025 artibus

173 1043 368 1091 potentiam
396 1056 496 1080 suam
523 1043 558 1078 in
585 1044 664 1092 ipso
692 1044 905 1081 discriminis
934 1050 1119 1080 momento
1147 1058 1295 1081 servare
1320 1050 1468 1094 poterat.
1512 1047 1678 1083 Eundem
1698 1048 1786 1096 Dja-

172 1102 286 1138 farum
313 1103 473 1139 vezirum
501 1102 638 1145 habuit,
667 1103 727 1153 qui
754 1104 798 1139 ab
827 1104 1038 1152 Anudjur0‚
1070 1117 1142 1140 non
1169 1105 1246 1141 sine
1275 1105 1457 1142 voluntate
1485 1108 1579 1154 ejus,
1602 1106 1684 1143 huic
1708 1120 1785 1143 mu-

171 1162 249 1198 neri
289 1167 365 1199 erat
403 1162 579 1198 admotus.
633 1163 709 1199 Etsi
738 1176 857 1213 neque
890 1163 1126 1200 Mutenabbio
1161 1177 1280 1213 neque
1308 1165 1384 1200 aliis
1411 1166 1490 1213 ejus
1519 1166 1783 1209 laudatoribus,

170 1235 303 1272 magno
331 1222 467 1271 praetio
493 1222 703 1271 saepissime
732 1224 850 1266 emtis,
878 1224 1086 1273 simpliciter
1114 1229 1167 1260 est
1194 1224 1434 1266 credendum;
1453 1229 1572 1261 tamen
1598 1226 1786 1262 evidenter

172 1287 332 1331 apparet,
363 1281 540 1318 Kasurum
570 1282 683 1318 virum
712 1282 822 1319 fuisse
849 1284 904 1320 sui
934 1283 1012 1319 aevi
1040 1283 1251 1326 notabilem,
1280 1284 1414 1320 nemini
1442 1285 1645 1334 aequalium
1673 1286 1784 1335 impa-

172 1354 258 1378 rem.
313 1341 417 1377 Duos
443 1346 575 1377 tantum
598 1354 713 1378 annos
744 1346 779 1378 et
808 1349 962 1392 quatuor
987 1355 1131 1379 menses
1149 1348 1289 1392 sceptra
1305 1344 1433 1385 tenuit,
1452 1349 1487 1380 et
1506 1357 1601 1380 anno
1621 1345 1691 1381 357
1709 1345 1783 1394 (alii

171 1402 259 1443 356,
301 1401 359 1437 alii
395 1402 468 1436 358
504 1401 671 1452 malunt),
704 1415 829 1438 mense
858 1402 1063 1449 Djumadae
1090 1403 1302 1451 posterioris
1330 1403 1433 1451 (Maji
1461 1405 1567 1451 968),
1596 1404 1784 1454 sexaginta

171 1466 206 1497 et
232 1461 367 1510 aliquot
393 1473 506 1497 annos
534 1466 652 1504 natus,
681 1461 815 1497 Fostati
842 1461 948 1497 morti
978 1461 1164 1503 occubuit,
1194 1467 1229 1498 et
1253 1463 1523 1512 Hierosolymis
1538 1463 1572 1499 in
1588 1463 1782 1512 sepulchro

169 1519 476 1556 lkhscliididarum
510 1521 670 1570 sepultus
694 1526 764 1565 est,
793 1526 829 1557 ut
855 1521 957 1557 vivus
984 1526 1018 1557 et
1046 1527 1208 1557 mortuus
1227 1521 1310 1557 huic
1327 1521 1480 1558 t'amiliae
1497 1522 1778 1560 adscriberetur.

318 1615 406 1650 Post
432 1619 586 1650 mortem
613 1613 742 1650 Kafuri
759 1614 860 1661 regni
880 1628 1054 1663 proceres
1081 1615 1513 1652 Abu-l-Femzrztsum
1546 1618 1779 1660 Almneclem,

167 1673 249 1710 A'lii
276 1673 402 1717 filium,
431 1673 599 1710 undecim
625 1687 802 1710 annorum
829 1687 999 1723 puerum,
1029 1675 1086 1710 die
1114 1677 1234 1711 Qsszma
1259 1675 1465 1723 Djumadae
1489 1676 1699 1725 posterioris
1716 1678 1780 1726 (22

167 1732 252 1782 Maji
290 1734 379 1782 968)
422 1733 620 1782 principem
660 1734 817 1770 unanimi
857 1746 1039 1771 consensu
1069 1734 1272 1784 elegerunt,
1300 1735 1479 1785 simulque
1506 1736 1778 1777 el—Huseinum,

166 1792 419 1829 Ubeid-Allahi
445 1792 697 1829 Ikhsehididae
729 1793 855 1835 filium,
888 1795 967 1841 ejus
995 1798 1150 1830 tutorem
1177 1794 1353 1844 regnique
1381 1795 1649 1831 moderatorem
1679 1800 1778 1843 opta-

167 1857 256 1888 runt.
308 1852 377 1888 Hic
417 1857 501 1888 tunc
541 1852 714 1900 temporis
753 1853 953 1889 el—Ramlae
987 1853 1191 1902 praefectus
1225 1854 1398 1890 Fatimam
1428 1854 1699 1895 consobrinam,
1729 1855 1778 1890 el-

166 1910 300 1947 Hasani
338 1911 588 1948 lkhschididae
622 1912 728 1947 filiam
759 1925 913 1948 uxorem
939 1912 1051 1949 duxit.
1107 1913 1255 1949 Summa
1284 1913 1387 1963 regni
1414 1926 1563 1949 munera
1591 1913 1637 1948 ita
1665 1913 1777 1949 divisa

166 1975 261 2013 sunt,
289 1975 325 2007 ut
352 1972 488 2019 Dja'sar
513 1971 656 2007 vezirus
685 1970 873 2008 thesauros
901 1976 936 2008 et
952 1972 1141 2020 pecuniam
1160 1972 1437 2014 administraret,
1456 1972 1627 2008 Schemul
1645 1978 1774 2015 autem,

167 2030 380 2078 mancipium
421 2031 605 2080 quondam
641 2030 889 2073 el-Ikhschidi,
926 2044 1034 2080 quem
1061 2032 1179 2068 Kasur
1205 2044 1315 2080 saepe
1339 2031 1567 2073 adhibuerat,
1599 2032 1775 2068 exercitui

167 2090 317 2138 ejusque
343 2090 452 2129 rebus
477 2095 670 2138 praeesset.
725 2090 766 2126 Id
794 2091 893 2140 quod
918 2091 954 2126 id
976 2091 1136 2139 imperiis
1152 2090 1397 2127 vacillantibus
1416 2090 1626 2138 saepissime
1642 2090 1774 2127 factum

166 2159 246 2183 esse
270 2148 449 2190 videmus,
478 2149 533 2186 hic
560 2163 707 2199 quoque
735 2149 862 2186 evenit.
917 2150 1110 2185 Discordia
1133 2150 1268 2186 scilicet
1298 2150 1529 2185 dominorum
1550 2151 1670 2185 omnia
1685 2162 1774 2186 mox

164 2206 199 2242 in
228 2207 364 2244 ruinam
404 2209 518 2245 traxit.
573 2209 745 2251 Vezirus,
773 2208 919 2245 avaritia
945 2214 1063 2245 motus
1089 2208 1292 2251 insatiabili,
1318 2208 1484 2245 homines
1512 2209 1772 2251 nobilissimos,

167 2277 291 2302 aurum
319 2272 547 2311 extorsurus‚
575 2268 610 2304 in
636 2268 776 2304 vincula
801 2268 972 2316 conjecit,
1001 2272 1036 2304 et
1064 2268 1111 2304 ita
1141 2268 1281 2304 animos
1312 2268 1561 2317 spectatissimi
1596 2271 1774 2319 cujusque

165 2326 397 2374 exasperavit.
452 2329 555 2372 Quos
581 2327 673 2364 inter
704 2327 767 2364 fuit
797 2327 924 2377 Ja'qub
953 2327 1188 2370 ben-Kilsch,
1216 2334 1342 2376 postea
1357 2330 1500 2365 vezirus
1516 2328 1772 2365 Fatimidarum

165 2384 384 2427 notissimus,
413 2386 473 2435 qui
498 2399 519 2423 e
547 2399 694 2423 carcere
713 2387 918 2436 aufugiens,
948 2387 1109 2423 Africam
1138 2387 1274 2436 petivit,
1303 2391 1338 2423 et
1370 2387 1468 2423 omni
1496 2401 1609 2437 opere
1629 2388 1773 2425 Fatimi—

166 2441 246 2478 dam
273 2445 480 2487 commovit,
523 2450 560 2482 ut
597 2447 824 2496 Aegyptum,
863 2448 937 2494 jam
978 2437 1149 2495 praedam
1177 2453 1282 2496 captu
1309 2446 1529 2489 facillimam,
1557 2447 1771 2496 propediem

167 2508 369 2551 occuparet.
423 2505 514 2542 Satis
551 2510 704 2548 constat,
746 2505 1053 2556 expugnationem
1086 2505 1194 2554 hujus
1231 2511 1349 2542 terrae
1380 2507 1459 2542 13:a
1497 2507 1554 2542 die
1583 2506 1772 2543 Scha⁷bani

167 2560 248 2596 anni
277 2561 348 2597 358
376 2564 441 2612 (23
477 2562 564 2612 Maji
597 2565 687 2615 969)
722 2578 743 2601 a
770 2564 958 2612 Djevhero
990 2565 1083 2602 duce
1113 2565 1311 2602 el-Mu'izzi
1340 2578 1421 2602 esse
1454 2565 1592 2602 factam.
1645 2566 1770 2602 Paullo

1616 2634 1638 2668 8
