<?xml version="1.0" encoding="UTF-8"?>
<!DOCTYPE html PUBLIC "-//W3C//DTD XHTML 1.0 Transitional//EN"
    "http://www.w3.org/TR/xhtml1/DTD/xhtml1-transitional.dtd">
<html xmlns="http://www.w3.org/1999/xhtml" xml:lang="en" lang="en">
 <head>
  <title>
</title>
<meta http-equiv="Content-Type" content="text/html;charset=utf-8" />
  <meta name='ocr-system' content='tesseract 3.04.00' />
  <meta name='ocr-capabilities' content='ocr_page ocr_carea ocr_par ocr_line ocrx_word'/>
</head>
<body>
  <div class='ocr_page' id='page_1' title='image "./novaactaregiaeso325658kung_0122.png"; bbox 0 0 2435 3188; ppageno 0'>
   <div class='ocr_carea' id='block_1_1' title="bbox 689 250 774 290">
    <p class='ocr_par' dir='ltr' id='par_1_1' title="bbox 689 250 774 290">
     <span class='ocr_line' id='line_1_1' title="bbox 689 250 774 290; baseline 0 0"><span class='ocrx_word' id='word_1_1' title='bbox 689 250 774 290; x_wconf 88' lang='lat'>110</span> 
     </span>
    </p>
   </div>
   <div class='ocr_carea' id='block_1_2' title="bbox 629 345 2237 876">
    <p class='ocr_par' dir='ltr' id='par_1_2' title="bbox 629 345 2237 876">
     <span class='ocr_line' id='line_1_2' title="bbox 781 345 2233 400; baseline -0.007 -10"><span class='ocrx_word' id='word_1_2' title='bbox 781 362 815 400; x_wconf 84' lang='lat'>0⁷¹</span> <span class='ocrx_word' id='word_1_3' title='bbox 842 355 981 390; x_wconf 83' lang='lat' dir='ltr'>feminae</span> <span class='ocrx_word' id='word_1_4' title='bbox 1008 353 1202 394; x_wconf 88' lang='lat' dir='ltr'>simillimus,</span> <span class='ocrx_word' id='word_1_5' title='bbox 1229 356 1261 386; x_wconf 85' lang='lat' dir='ltr'>et</span> <span class='ocrx_word' id='word_1_6' title='bbox 1287 350 1391 385; x_wconf 85' lang='lat' dir='ltr'>forma</span> <span class='ocrx_word' id='word_1_7' title='bbox 1417 356 1450 385; x_wconf 75' lang='lat' dir='ltr'>et</span> <span class='ocrx_word' id='word_1_8' title='bbox 1477 350 1599 385; x_wconf 90' lang='lat' dir='ltr'>colore.</span> <span class='ocrx_word' id='word_1_9' title='bbox 1641 349 1761 385; x_wconf 79' lang='lat' dir='ltr'>Differt</span> <span class='ocrx_word' id='word_1_10' title='bbox 1776 354 1897 384; x_wconf 86' lang='lat' dir='ltr'>tantum</span> <span class='ocrx_word' id='word_1_11' title='bbox 1926 345 2111 394; x_wconf 87' lang='lat' dir='ltr'>pedibus</span> <span class='ocrx_word' id='word_1_12' title='bbox 2138 346 2233 381; x_wconf 84' lang='lat' dir='ltr'>etiam</span> 
     </span>
     <span class='ocr_line' id='line_1_3' title="bbox 635 405 2234 464; baseline -0.009 -12"><span class='ocrx_word' id='word_1_13' title='bbox 635 416 840 464; x_wconf 82' lang='lat' dir='ltr'>longioribus</span> <span class='ocrx_word' id='word_1_14' title='bbox 880 413 1000 462; x_wconf 85' lang='lat' dir='ltr'>(quarti</span> <span class='ocrx_word' id='word_1_15' title='bbox 1024 413 1113 460; x_wconf 85' lang='lat' dir='ltr'>paris</span> <span class='ocrx_word' id='word_1_16' title='bbox 1140 409 1419 459; x_wconf 81' lang='lat' dir='ltr'>cephalothorace</span> <span class='ocrx_word' id='word_1_17' title='bbox 1449 409 1517 457; x_wconf 60' lang='lat'>472</span> <span class='ocrx_word' id='word_1_18' title='bbox 1548 409 1716 457; x_wconf 81' lang='lat' dir='ltr'>longiores</span> <span class='ocrx_word' id='word_1_19' title='bbox 1741 413 1814 443; x_wconf 86' lang='lat' dir='ltr'>sunt</span> <span class='ocrx_word' id='word_1_20' title='bbox 1857 413 1889 442; x_wconf 87' lang='lat' dir='ltr'>et</span> <span class='ocrx_word' id='word_1_21' title='bbox 1915 405 2068 454; x_wconf 86' lang='lat' dir='ltr'>palpis‚</span> <span class='ocrx_word' id='word_1_22' title='bbox 2096 417 2234 452; x_wconf 87' lang='lat' dir='ltr'>quorum</span> 
     </span>
     <span class='ocr_line' id='line_1_4' title="bbox 629 463 2236 524; baseline -0.009 -13"><span class='ocrx_word' id='word_1_23' title='bbox 629 483 754 524; x_wconf 75' lang='lat' dir='ltr'>partes</span> <span class='ocrx_word' id='word_1_24' title='bbox 774 473 963 522; x_wconf 77' lang='lat' dir='ltr'>femoralis</span> <span class='ocrx_word' id='word_1_25' title='bbox 994 478 1027 506; x_wconf 89' lang='lat' dir='ltr'>et</span> <span class='ocrx_word' id='word_1_26' title='bbox 1051 471 1239 519; x_wconf 77' lang='lat' dir='ltr'>patellaris</span> <span class='ocrx_word' id='word_1_27' title='bbox 1275 481 1375 515; x_wconf 87' lang='lat' dir='ltr'>supra</span> <span class='ocrx_word' id='word_1_28' title='bbox 1416 468 1733 503; x_wconf 86' lang='lat' dir='ltr'>cinereo-testaceae</span> <span class='ocrx_word' id='word_1_29' title='bbox 1761 472 1850 507; x_wconf 87' lang='lat' dir='ltr'>sunt,</span> <span class='ocrx_word' id='word_1_30' title='bbox 1885 465 2010 500; x_wconf 90' lang='lat' dir='ltr'>annulis</span> <span class='ocrx_word' id='word_1_31' title='bbox 2037 465 2141 498; x_wconf 89' lang='lat' dir='ltr'>minus</span> <span class='ocrx_word' id='word_1_32' title='bbox 2168 463 2236 498; x_wconf 88' lang='lat' dir='ltr'>evi-</span> 
     </span>
     <span class='ocr_line' id='line_1_5' title="bbox 636 522 2237 582; baseline -0.009 -12"><span class='ocrx_word' id='word_1_33' title='bbox 636 533 803 575; x_wconf 83' lang='lat' dir='ltr'>dentibus,</span> <span class='ocrx_word' id='word_1_34' title='bbox 823 546 915 582; x_wconf 80' lang='lat' dir='ltr'>pars</span> <span class='ocrx_word' id='word_1_35' title='bbox 940 529 1068 566; x_wconf 64' lang='lat' dir='ltr'>tibialis</span> <span class='ocrx_word' id='word_1_36' title='bbox 1100 529 1305 576; x_wconf 85' lang='lat' dir='ltr'>nigro—fusca</span> <span class='ocrx_word' id='word_1_37' title='bbox 1331 533 1363 562; x_wconf 92' lang='lat' dir='ltr'>et</span> <span class='ocrx_word' id='word_1_38' title='bbox 1390 527 1532 561; x_wconf 74' lang='lat' dir='ltr'>tarsalis</span> <span class='ocrx_word' id='word_1_39' title='bbox 1558 527 1666 573; x_wconf 81' lang='lat' dir='ltr'>nigra,</span> <span class='ocrx_word' id='word_1_40' title='bbox 1693 532 1830 573; x_wconf 83' lang='lat' dir='ltr'>utraque</span> <span class='ocrx_word' id='word_1_41' title='bbox 1858 537 1968 559; x_wconf 85' lang='lat' dir='ltr'>earum</span> <span class='ocrx_word' id='word_1_42' title='bbox 1996 523 2099 558; x_wconf 88' lang='lat' dir='ltr'>dense</span> <span class='ocrx_word' id='word_1_43' title='bbox 2125 522 2237 569; x_wconf 83' lang='lat' dir='ltr'>nigro-</span> 
     </span>
     <span class='ocr_line' id='line_1_6' title="bbox 635 580 2235 641; baseline -0.009 -13"><span class='ocrx_word' id='word_1_44' title='bbox 635 593 752 641; x_wconf 88' lang='lat' dir='ltr'>pilosa.</span> <span class='ocrx_word' id='word_1_45' title='bbox 804 591 889 627; x_wconf 86' lang='lat' dir='ltr'>Pars</span> <span class='ocrx_word' id='word_1_46' title='bbox 922 589 1040 625; x_wconf 88' lang='lat' dir='ltr'>tibialis</span> <span class='ocrx_word' id='word_1_47' title='bbox 1079 589 1207 635; x_wconf 84' lang='lat' dir='ltr'>apicem</span> <span class='ocrx_word' id='word_1_48' title='bbox 1242 599 1358 621; x_wconf 87' lang='lat' dir='ltr'>versus</span> <span class='ocrx_word' id='word_1_49' title='bbox 1395 584 1571 632; x_wconf 88' lang='lat' dir='ltr'>paullulum</span> <span class='ocrx_word' id='word_1_50' title='bbox 1608 586 1786 620; x_wconf 85' lang='lat' dir='ltr'>incrassata</span> <span class='ocrx_word' id='word_1_51' title='bbox 1822 589 1873 618; x_wconf 86' lang='lat' dir='ltr'>est</span> <span class='ocrx_word' id='word_1_52' title='bbox 1899 589 1931 618; x_wconf 92' lang='lat' dir='ltr'>et</span> <span class='ocrx_word' id='word_1_53' title='bbox 1958 582 2103 630; x_wconf 81' lang='lat' dir='ltr'>patellari</span> <span class='ocrx_word' id='word_1_54' title='bbox 2134 580 2235 615; x_wconf 91' lang='lat' dir='ltr'>multo</span> 
     </span>
     <span class='ocr_line' id='line_1_7' title="bbox 637 639 2236 700; baseline -0.008 -13"><span class='ocrx_word' id='word_1_55' title='bbox 637 652 782 700; x_wconf 76' lang='lat' dir='ltr'>longior;</span> <span class='ocrx_word' id='word_1_56' title='bbox 806 650 932 686; x_wconf 65' lang='lat' dir='ltr'>tar-salis</span> <span class='ocrx_word' id='word_1_57' title='bbox 958 648 1007 682; x_wconf 88' lang='lat' dir='ltr'>his</span> <span class='ocrx_word' id='word_1_58' title='bbox 1034 646 1162 681; x_wconf 85' lang='lat' dir='ltr'>duabus</span> <span class='ocrx_word' id='word_1_59' title='bbox 1189 645 1388 691; x_wconf 82' lang='lat' dir='ltr'>conjunctim</span> <span class='ocrx_word' id='word_1_60' title='bbox 1415 644 1524 691; x_wconf 85' lang='lat' dir='ltr'>paullo</span> <span class='ocrx_word' id='word_1_61' title='bbox 1553 645 1694 685; x_wconf 80' lang='lat' dir='ltr'>brevior,</span> <span class='ocrx_word' id='word_1_62' title='bbox 1721 643 1846 678; x_wconf 81' lang='lat' dir='ltr'>femore</span> <span class='ocrx_word' id='word_1_63' title='bbox 1867 641 1967 676; x_wconf 90' lang='lat' dir='ltr'>multo</span> <span class='ocrx_word' id='word_1_64' title='bbox 1994 641 2095 675; x_wconf 90' lang='lat' dir='ltr'>latior.</span> <span class='ocrx_word' id='word_1_65' title='bbox 2148 639 2236 675; x_wconf 77' lang='lat' dir='ltr'>Bul-</span> 
     </span>
     <span class='ocr_line' id='line_1_8' title="bbox 637 699 2237 758; baseline -0.009 -12"><span class='ocrx_word' id='word_1_66' title='bbox 637 709 699 746; x_wconf 73' lang='lat' dir='ltr'>bus</span> <span class='ocrx_word' id='word_1_67' title='bbox 731 711 1030 758; x_wconf 79' lang='lat' dir='ltr'>piceo-testaceuS,</span> <span class='ocrx_word' id='word_1_68' title='bbox 1065 705 1137 740; x_wconf 79' lang='lat' dir='ltr'>basi</span> <span class='ocrx_word' id='word_1_69' title='bbox 1172 703 1267 739; x_wconf 86' lang='lat' dir='ltr'>valde</span> <span class='ocrx_word' id='word_1_70' title='bbox 1307 702 1464 744; x_wconf 89' lang='lat' dir='ltr'>tumidus,</span> <span class='ocrx_word' id='word_1_71' title='bbox 1499 702 1596 738; x_wconf 81' lang='lat' dir='ltr'>dente</span> <span class='ocrx_word' id='word_1_72' title='bbox 1631 715 1752 750; x_wconf 71' lang='lat' dir='ltr'>parm,</span> <span class='ocrx_word' id='word_1_73' title='bbox 1789 702 1926 742; x_wconf 83' lang='lat' dir='ltr'>obtuso,</span> <span class='ocrx_word' id='word_1_74' title='bbox 1955 701 2050 747; x_wconf 82' lang='lat' dir='ltr'>nigro</span> <span class='ocrx_word' id='word_1_75' title='bbox 2078 700 2109 733; x_wconf 91' lang='lat' dir='ltr'>in</span> <span class='ocrx_word' id='word_1_76' title='bbox 2137 699 2237 732; x_wconf 87' lang='lat' dir='ltr'>latere</span> 
     </span>
     <span class='ocr_line' id='line_1_9' title="bbox 637 758 2235 815; baseline -0.009 -10"><span class='ocrx_word' id='word_1_77' title='bbox 637 771 799 805; x_wconf 86' lang='lat' dir='ltr'>anteriore</span> <span class='ocrx_word' id='word_1_78' title='bbox 826 768 922 815; x_wconf 82' lang='lat' dir='ltr'>hujus</span> <span class='ocrx_word' id='word_1_79' title='bbox 948 764 1101 806; x_wconf 83' lang='lat' dir='ltr'>tumoris,</span> <span class='ocrx_word' id='word_1_80' title='bbox 1135 763 1266 810; x_wconf 83' lang='lat' dir='ltr'>alioque</span> <span class='ocrx_word' id='word_1_81' title='bbox 1293 762 1410 803; x_wconf 84' lang='lat' dir='ltr'>dente,</span> <span class='ocrx_word' id='word_1_82' title='bbox 1439 763 1535 796; x_wconf 76' lang='lat' dir='ltr'>etiam</span> <span class='ocrx_word' id='word_1_83' title='bbox 1562 762 1676 809; x_wconf 82' lang='lat' dir='ltr'>nigro,</span> <span class='ocrx_word' id='word_1_84' title='bbox 1706 773 1827 809; x_wconf 87' lang='lat' dir='ltr'>parvo,</span> <span class='ocrx_word' id='word_1_85' title='bbox 1851 772 1966 807; x_wconf 84' lang='lat' dir='ltr'>parum</span> <span class='ocrx_word' id='word_1_86' title='bbox 1992 759 2174 805; x_wconf 88' lang='lat' dir='ltr'>conspicuo</span> <span class='ocrx_word' id='word_1_87' title='bbox 2205 758 2235 791; x_wconf 90' lang='lat' dir='ltr'>in</span> 
     </span>
     <span class='ocr_line' id='line_1_10' title="bbox 638 816 2237 876; baseline -0.009 -12"><span class='ocrx_word' id='word_1_88' title='bbox 638 828 748 864; x_wconf 90' lang='lat' dir='ltr'>medio</span> <span class='ocrx_word' id='word_1_89' title='bbox 787 829 891 876; x_wconf 89' lang='lat' dir='ltr'>ipsius</span> <span class='ocrx_word' id='word_1_90' title='bbox 931 824 1084 871; x_wconf 75' lang='lat' dir='ltr'>marginis</span> <span class='ocrx_word' id='word_1_91' title='bbox 1123 823 1303 857; x_wconf 83' lang='lat' dir='ltr'>exterioris.</span> <span class='ocrx_word' id='word_1_92' title='bbox 1380 820 1501 855; x_wconf 76' lang='lat' dir='ltr'>Venter</span> <span class='ocrx_word' id='word_1_93' title='bbox 1544 820 1737 868; x_wconf 89' lang='lat' dir='ltr'>plerumque</span> <span class='ocrx_word' id='word_1_94' title='bbox 1776 819 1902 859; x_wconf 83' lang='lat' dir='ltr'>fuscus,</span> <span class='ocrx_word' id='word_1_95' title='bbox 1939 820 1970 852; x_wconf 87' lang='lat' dir='ltr'>in</span> <span class='ocrx_word' id='word_1_96' title='bbox 2010 816 2120 851; x_wconf 83' lang='lat' dir='ltr'>medio</span> <span class='ocrx_word' id='word_1_97' title='bbox 2159 816 2237 850; x_wconf 85' lang='lat' dir='ltr'>sub-</span> 
     </span>
    </p>
   </div>
   <div class='ocr_carea' id='block_1_3' title="bbox 639 894 813 923">
    <p class='ocr_par' dir='ltr' id='par_1_3' title="bbox 639 894 813 923">
     <span class='ocr_line' id='line_1_11' title="bbox 639 894 813 923; baseline -0.017 0"><span class='ocrx_word' id='word_1_98' title='bbox 639 894 813 923; x_wconf 82' lang='lat' dir='ltr'>testaceus.</span> 
     </span>
    </p>
   </div>
   <div class='ocr_carea' id='block_1_4' title="bbox 642 948 2239 1114">
    <p class='ocr_par' dir='ltr' id='par_1_4' title="bbox 642 948 2239 1114">
     <span class='ocr_line' id='line_1_12' title="bbox 792 948 2239 1001; baseline -0.008 -7"><span class='ocrx_word' id='word_1_99' title='bbox 792 957 942 994; x_wconf 77' lang='lat' dir='ltr'>Habitat</span> <span class='ocrx_word' id='word_1_100' title='bbox 967 955 1056 992; x_wconf 84' lang='lat' dir='ltr'>locis</span> <span class='ocrx_word' id='word_1_101' title='bbox 1084 953 1223 996; x_wconf 82' lang='lat' dir='ltr'>calidis,</span> <span class='ocrx_word' id='word_1_102' title='bbox 1251 952 1371 994; x_wconf 80' lang='lat' dir='ltr'>siccis,</span> <span class='ocrx_word' id='word_1_103' title='bbox 1400 951 1610 1001; x_wconf 88' lang='lat' dir='ltr'>praesertim</span> <span class='ocrx_word' id='word_1_104' title='bbox 1637 950 1672 986; x_wconf 93' lang='lat' dir='ltr'>in</span> <span class='ocrx_word' id='word_1_105' title='bbox 1697 950 1792 986; x_wconf 85' lang='lat' dir='ltr'>silvis</span> <span class='ocrx_word' id='word_1_106' title='bbox 1816 950 1982 999; x_wconf 89' lang='lat' dir='ltr'>pinorum</span> <span class='ocrx_word' id='word_1_107' title='bbox 2007 953 2042 985; x_wconf 85' lang='lat' dir='ltr'>et</span> <span class='ocrx_word' id='word_1_108' title='bbox 2068 948 2239 989; x_wconf 76' lang='lat' dir='ltr'>abietum,</span> 
     </span>
     <span class='ocr_line' id='line_1_13' title="bbox 642 1006 2237 1059; baseline -0.008 -4"><span class='ocrx_word' id='word_1_109' title='bbox 642 1019 702 1055; x_wconf 90' lang='lat' dir='ltr'>ubi</span> <span class='ocrx_word' id='word_1_110' title='bbox 735 1018 770 1053; x_wconf 89' lang='lat' dir='ltr'>in</span> <span class='ocrx_word' id='word_1_111' title='bbox 811 1017 945 1053; x_wconf 87' lang='lat' dir='ltr'>truncis</span> <span class='ocrx_word' id='word_1_112' title='bbox 985 1014 1154 1051; x_wconf 86' lang='lat' dir='ltr'>arborum</span> <span class='ocrx_word' id='word_1_113' title='bbox 1194 1016 1432 1053; x_wconf 88' lang='lat' dir='ltr'>mortuorum,</span> <span class='ocrx_word' id='word_1_114' title='bbox 1471 1011 1574 1059; x_wconf 86' lang='lat' dir='ltr'>lignis</span> <span class='ocrx_word' id='word_1_115' title='bbox 1606 1009 1719 1046; x_wconf 86' lang='lat' dir='ltr'>caesis</span> <span class='ocrx_word' id='word_1_116' title='bbox 1753 1015 1818 1046; x_wconf 88' lang='lat' dir='ltr'>cet.</span> <span class='ocrx_word' id='word_1_117' title='bbox 1858 1009 2078 1058; x_wconf 90' lang='lat' dir='ltr'>potissimum</span> <span class='ocrx_word' id='word_1_118' title='bbox 2121 1006 2237 1043; x_wconf 88' lang='lat' dir='ltr'>currit.</span> 
     </span>
     <span class='ocr_line' id='line_1_14' title="bbox 643 1071 1350 1114; baseline -0.013 0"><span class='ocrx_word' id='word_1_119' title='bbox 643 1076 835 1114; x_wconf 88' lang='lat' dir='ltr'>«Omnium</span> <span class='ocrx_word' id='word_1_120' title='bbox 861 1075 953 1111; x_wconf 85' lang='lat' dir='ltr'>forte</span> <span class='ocrx_word' id='word_1_121' title='bbox 980 1072 1208 1109; x_wconf 68' lang='lat' dir='ltr'>celerrima»2</span> <span class='ocrx_word' id='word_1_122' title='bbox 1237 1071 1350 1107; x_wconf 83' lang='lat' dir='ltr'>SUND.</span> 
     </span>
    </p>
   </div>
   <div class='ocr_carea' id='block_1_5' title="bbox 869 1212 1781 1267">
    <p class='ocr_par' dir='ltr' id='par_1_5' title="bbox 869 1212 1781 1267">
     <span class='ocr_line' id='line_1_15' title="bbox 869 1212 1781 1267; baseline -0.009 -12"><span class='ocrx_word' id='word_1_123' title='bbox 869 1220 928 1267; x_wconf 80' lang='lat' dir='ltr'>sp.</span> <span class='ocrx_word' id='word_1_124' title='bbox 958 1219 989 1253; x_wconf 88' lang='lat'>5.</span> <span class='ocrx_word' id='word_1_125' title='bbox 1044 1215 1335 1253; x_wconf 84' lang='lat' dir='ltr'><strong>MONTICOLA</strong></span> <span class='ocrx_word' id='word_1_126' title='bbox 1361 1226 1392 1262; x_wconf 85' lang='lat' dir='ltr'>p.</span> <span class='ocrx_word' id='word_1_127' title='bbox 1422 1216 1480 1248; x_wconf 79' lang='lat'>91.</span> <span class='ocrx_word' id='word_1_128' title='bbox 1510 1212 1558 1248; x_wconf 86' lang='lat' dir='ltr'>Pl.</span> <span class='ocrx_word' id='word_1_129' title='bbox 1588 1213 1620 1247; x_wconf 79' lang='lat'>4.</span> <span class='ocrx_word' id='word_1_130' title='bbox 1652 1212 1720 1248; x_wconf 73' lang='lat' dir='ltr'>tab.</span> <span class='ocrx_word' id='word_1_131' title='bbox 1749 1213 1781 1248; x_wconf 87' lang='lat'>5.</span> 
     </span>
    </p>
   </div>
   <div class='ocr_carea' id='block_1_6' title="bbox 725 1301 1722 1387">
    <p class='ocr_par' dir='ltr' id='par_1_6' title="bbox 725 1301 1722 1387">
     <span class='ocr_line' id='line_1_16' title="bbox 725 1301 1701 1345; baseline -0.01 -8"><span class='ocrx_word' id='word_1_132' title='bbox 725 1310 786 1343; x_wconf 78' lang='lat' dir='ltr'>Syn.</span> <span class='ocrx_word' id='word_1_133' title='bbox 810 1309 939 1345; x_wconf 84' lang='lat' dir='ltr'>Lycosa</span> <span class='ocrx_word' id='word_1_134' title='bbox 963 1305 1152 1334; x_wconf 85' lang='lat' dir='ltr'>monticola</span> <span class='ocrx_word' id='word_1_135' title='bbox 1172 1304 1251 1331; x_wconf 78' lang='lat' dir='ltr'>Suml.</span> <span class='ocrx_word' id='word_1_136' title='bbox 1276 1304 1337 1330; x_wconf 82' lang='lat' dir='ltr'>Act.</span> <span class='ocrx_word' id='word_1_137' title='bbox 1361 1301 1454 1329; x_wconf 86' lang='lat' dir='ltr'>Holm.</span> <span class='ocrx_word' id='word_1_138' title='bbox 1480 1304 1564 1328; x_wconf 75' lang='grc'>1832,</span> <span class='ocrx_word' id='word_1_139' title='bbox 1588 1310 1612 1338; x_wconf 93' lang='lat' dir='ltr'>p.</span> <span class='ocrx_word' id='word_1_140' title='bbox 1639 1303 1701 1328; x_wconf 31' lang='lat'>175⁴</span> 
     </span>
     <span class='ocr_line' id='line_1_17' title="bbox 1178 1350 1722 1387; baseline -0.004 -8"><span class='ocrx_word' id='word_1_141' title='bbox 1178 1355 1268 1379; x_wconf 80' lang='lat' dir='ltr'>Weslr.</span> <span class='ocrx_word' id='word_1_142' title='bbox 1292 1352 1352 1379; x_wconf 80' lang='lat' dir='ltr'>Act.</span> <span class='ocrx_word' id='word_1_143' title='bbox 1376 1350 1495 1378; x_wconf 85' lang='lat' dir='ltr'>Gothob.</span> <span class='ocrx_word' id='word_1_144' title='bbox 1522 1353 1604 1378; x_wconf 79' lang='lat'><strong>1851.</strong></span> <span class='ocrx_word' id='word_1_145' title='bbox 1628 1360 1652 1387; x_wconf 83' lang='lat' dir='ltr'>p.</span> <span class='ocrx_word' id='word_1_146' title='bbox 1678 1353 1722 1377; x_wconf 76' lang='lat'>5⁴2.</span> 
     </span>
    </p>
   </div>
   <div class='ocr_carea' id='block_1_7' title="bbox 1108 1419 1774 1473">
    <p class='ocr_par' dir='ltr' id='par_1_7' title="bbox 1108 1419 1774 1473">
     <span class='ocr_line' id='line_1_18' title="bbox 1108 1419 1774 1473; baseline -0.008 -14"><span class='ocrx_word' id='word_1_147' title='bbox 1108 1423 1279 1473; x_wconf 80' lang='lat' dir='ltr'>[LYCosA</span> <span class='ocrx_word' id='word_1_148' title='bbox 1303 1419 1549 1456; x_wconf 87' lang='lat' dir='ltr'>monticola</span> <span class='ocrx_word' id='word_1_149' title='bbox 1575 1420 1774 1470; x_wconf 58' lang='lat' dir='ltr'>(clm-ckj]</span> 
     </span>
    </p>
   </div>
   <div class='ocr_carea' id='block_1_8' title="bbox 1346 1491 1541 1495">
    <p class='ocr_par' dir='ltr' id='par_1_8' title="bbox 1346 1491 1541 1495">
     <span class='ocr_line' id='line_1_19' title="bbox 1346 1491 1541 1495; baseline 0 0"><span class='ocrx_word' id='word_1_150' title='bbox 1346 1491 1541 1495; x_wconf 95' lang='lat' dir='ltr'> </span> 
     </span>
    </p>
   </div>
   <div class='ocr_carea' id='block_1_9' title="bbox 641 1531 2246 2645">
    <p class='ocr_par' dir='ltr' id='par_1_9' title="bbox 641 1531 2246 2645">
     <span class='ocr_line' id='line_1_20' title="bbox 791 1531 2244 1585; baseline -0.006 -10"><span class='ocrx_word' id='word_1_151' title='bbox 791 1539 863 1574; x_wconf 86' lang='lat' dir='ltr'>Vix</span> <span class='ocrx_word' id='word_1_152' title='bbox 894 1538 964 1574; x_wconf 86' lang='lat' dir='ltr'>ulla</span> <span class='ocrx_word' id='word_1_153' title='bbox 993 1541 1047 1573; x_wconf 84' lang='lat' dir='ltr'>est</span> <span class='ocrx_word' id='word_1_154' title='bbox 1070 1536 1225 1585; x_wconf 85' lang='lat' dir='ltr'>species,</span> <span class='ocrx_word' id='word_1_155' title='bbox 1255 1537 1358 1582; x_wconf 81' lang='lat' dir='ltr'>cujus</span> <span class='ocrx_word' id='word_1_156' title='bbox 1384 1545 1592 1582; x_wconf 81' lang='lat' dir='ltr'>synonyma</span> <span class='ocrx_word' id='word_1_157' title='bbox 1621 1538 1689 1568; x_wconf 88' lang='lat' dir='ltr'>tam</span> <span class='ocrx_word' id='word_1_158' title='bbox 1722 1531 1875 1567; x_wconf 80' lang='lat' dir='ltr'>difficilia</span> <span class='ocrx_word' id='word_1_159' title='bbox 1903 1532 1971 1567; x_wconf 90' lang='lat' dir='ltr'>sint</span> <span class='ocrx_word' id='word_1_160' title='bbox 1996 1532 2041 1567; x_wconf 82' lang='lat' dir='ltr'>ad</span> <span class='ocrx_word' id='word_1_161' title='bbox 2066 1532 2244 1568; x_wconf 83' lang='lat' dir='ltr'>extrican-</span> 
     </span>
     <span class='ocr_line' id='line_1_21' title="bbox 647 1590 2243 1647; baseline -0.006 -11"><span class='ocrx_word' id='word_1_162' title='bbox 647 1601 747 1641; x_wconf 85' lang='lat' dir='ltr'>dum,</span> <span class='ocrx_word' id='word_1_163' title='bbox 789 1610 894 1647; x_wconf 90' lang='lat' dir='ltr'>quam</span> <span class='ocrx_word' id='word_1_164' title='bbox 933 1598 1017 1644; x_wconf 71' lang='lat' dir='ltr'>Lyc.</span> <span class='ocrx_word' id='word_1_165' title='bbox 1059 1596 1254 1631; x_wconf 75' lang='lat' dir='ltr'>monticolae</span> <span class='ocrx_word' id='word_1_166' title='bbox 1294 1593 1505 1639; x_wconf 71' lang='lat' dir='ltr'>(Clerck..</span> <span class='ocrx_word' id='word_1_167' title='bbox 1561 1591 1650 1627; x_wconf 85' lang='lat' dir='ltr'>Nam</span> <span class='ocrx_word' id='word_1_168' title='bbox 1679 1591 1746 1627; x_wconf 89' lang='lat' dir='ltr'>sub</span> <span class='ocrx_word' id='word_1_169' title='bbox 1776 1590 1841 1626; x_wconf 89' lang='lat' dir='ltr'>hac</span> <span class='ocrx_word' id='word_1_170' title='bbox 1877 1591 2120 1627; x_wconf 83' lang='lat' dir='ltr'>nominatione</span> <span class='ocrx_word' id='word_1_171' title='bbox 2155 1591 2243 1627; x_wconf 85' lang='lat' dir='ltr'>aliae</span> 
     </span>
     <span class='ocr_line' id='line_1_22' title="bbox 647 1649 2244 1707; baseline -0.006 -13"><span class='ocrx_word' id='word_1_172' title='bbox 647 1658 742 1707; x_wconf 84' lang='lat' dir='ltr'>apud</span> <span class='ocrx_word' id='word_1_173' title='bbox 769 1657 857 1693; x_wconf 90' lang='lat' dir='ltr'>alios</span> <span class='ocrx_word' id='word_1_174' title='bbox 885 1656 1078 1704; x_wconf 82' lang='lat' dir='ltr'>scriptores</span> <span class='ocrx_word' id='word_1_175' title='bbox 1104 1654 1238 1689; x_wconf 87' lang='lat' dir='ltr'>formae</span> <span class='ocrx_word' id='word_1_176' title='bbox 1268 1652 1431 1688; x_wconf 84' lang='lat' dir='ltr'>diversae</span> <span class='ocrx_word' id='word_1_177' title='bbox 1455 1650 1626 1686; x_wconf 84' lang='lat' dir='ltr'>confusae</span> <span class='ocrx_word' id='word_1_178' title='bbox 1651 1650 1831 1687; x_wconf 85' lang='lat' dir='ltr'>videntur:</span> <span class='ocrx_word' id='word_1_179' title='bbox 1859 1650 1956 1699; x_wconf 89' lang='lat' dir='ltr'>quod</span> <span class='ocrx_word' id='word_1_180' title='bbox 1982 1650 2125 1699; x_wconf 90' lang='lat' dir='ltr'>quidem</span> <span class='ocrx_word' id='word_1_181' title='bbox 2148 1649 2244 1686; x_wconf 88' lang='lat' dir='ltr'>facil-</span> 
     </span>
     <span class='ocr_line' id='line_1_23' title="bbox 647 1709 2244 1764; baseline -0.006 -10"><span class='ocrx_word' id='word_1_182' title='bbox 647 1719 730 1754; x_wconf 92' lang='lat' dir='ltr'>lime</span> <span class='ocrx_word' id='word_1_183' title='bbox 754 1716 832 1752; x_wconf 81' lang='lat' dir='ltr'>fieri</span> <span class='ocrx_word' id='word_1_184' title='bbox 857 1715 978 1764; x_wconf 86' lang='lat' dir='ltr'>potuit,</span> <span class='ocrx_word' id='word_1_185' title='bbox 1008 1726 1116 1763; x_wconf 88' lang='lat' dir='ltr'>quum</span> <span class='ocrx_word' id='word_1_186' title='bbox 1145 1712 1285 1761; x_wconf 84' lang='lat' dir='ltr'>species</span> <span class='ocrx_word' id='word_1_187' title='bbox 1313 1724 1385 1747; x_wconf 88' lang='lat' dir='ltr'>non</span> <span class='ocrx_word' id='word_1_188' title='bbox 1411 1722 1547 1759; x_wconf 82' lang='lat' dir='ltr'>paucae</span> <span class='ocrx_word' id='word_1_189' title='bbox 1576 1709 1807 1750; x_wconf 79' lang='lat' dir='ltr'>inveniantur,</span> <span class='ocrx_word' id='word_1_190' title='bbox 1839 1722 1930 1758; x_wconf 84' lang='lat' dir='ltr'>quae</span> <span class='ocrx_word' id='word_1_191' title='bbox 1957 1722 2039 1744; x_wconf 88' lang='lat' dir='ltr'>cum</span> <span class='ocrx_word' id='word_1_192' title='bbox 2063 1710 2244 1745; x_wconf 76' lang='lat' dir='ltr'>CLERcKn</span> 
     </span>
     <span class='ocr_line' id='line_1_24' title="bbox 648 1768 2244 1823; baseline -0.006 -10"><span class='ocrx_word' id='word_1_193' title='bbox 648 1780 690 1813; x_wconf 77' lang='lat' dir='ltr'>A.</span> <span class='ocrx_word' id='word_1_194' title='bbox 719 1776 896 1812; x_wconf 59' lang='lat' dir='ltr'>«monticola</span> <span class='ocrx_word' id='word_1_195' title='bbox 933 1785 1097 1823; x_wconf 72' lang='lat' dir='ltr'>magnam</span> <span class='ocrx_word' id='word_1_196' title='bbox 1136 1771 1290 1807; x_wconf 82' lang='lat' dir='ltr'>habeant</span> <span class='ocrx_word' id='word_1_197' title='bbox 1329 1769 1603 1806; x_wconf 84' lang='lat' dir='ltr'>similitudinem.</span> <span class='ocrx_word' id='word_1_198' title='bbox 1659 1768 1753 1812; x_wconf 83' lang='lat' dir='ltr'>Quin</span> <span class='ocrx_word' id='word_1_199' title='bbox 1791 1768 1895 1804; x_wconf 79' lang='lat' dir='ltr'>etiam</span> <span class='ocrx_word' id='word_1_200' title='bbox 1924 1768 1959 1803; x_wconf 90' lang='lat' dir='ltr'>in</span> <span class='ocrx_word' id='word_1_201' title='bbox 1993 1768 2121 1804; x_wconf 86' lang='lat' dir='ltr'>Suecia</span> <span class='ocrx_word' id='word_1_202' title='bbox 2149 1770 2244 1816; x_wconf 85' lang='lat' dir='ltr'>ejus-</span> 
     </span>
     <span class='ocr_line' id='line_1_25' title="bbox 648 1827 2244 1883; baseline -0.006 -12"><span class='ocrx_word' id='word_1_203' title='bbox 648 1835 746 1871; x_wconf 90' lang='lat' dir='ltr'>modi</span> <span class='ocrx_word' id='word_1_204' title='bbox 785 1834 926 1883; x_wconf 84' lang='lat' dir='ltr'>species</span> <span class='ocrx_word' id='word_1_205' title='bbox 964 1831 1156 1868; x_wconf 87' lang='lat' dir='ltr'>nonnullae</span> <span class='ocrx_word' id='word_1_206' title='bbox 1191 1829 1427 1879; x_wconf 84' lang='lat' dir='ltr'>reperiuntur,</span> <span class='ocrx_word' id='word_1_207' title='bbox 1454 1828 1545 1863; x_wconf 82' lang='lat' dir='ltr'>inter</span> <span class='ocrx_word' id='word_1_208' title='bbox 1576 1840 1616 1862; x_wconf 88' lang='lat' dir='ltr'>se</span> <span class='ocrx_word' id='word_1_209' title='bbox 1642 1827 1735 1862; x_wconf 81' lang='lat' dir='ltr'>adeo</span> <span class='ocrx_word' id='word_1_210' title='bbox 1763 1827 1911 1868; x_wconf 83' lang='lat' dir='ltr'>similes,</span> <span class='ocrx_word' id='word_1_211' title='bbox 1939 1831 1976 1862; x_wconf 92' lang='lat' dir='ltr'>ut</span> <span class='ocrx_word' id='word_1_212' title='bbox 2001 1839 2110 1874; x_wconf 69' lang='lat' dir='ltr'>aegre</span> <span class='ocrx_word' id='word_1_213' title='bbox 2137 1827 2244 1863; x_wconf 85' lang='lat' dir='ltr'>inter-</span> 
     </span>
     <span class='ocr_line' id='line_1_26' title="bbox 648 1874 2242 1936; baseline -0.006 -5"><span class='ocrx_word' id='word_1_214' title='bbox 648 1898 849 1931; x_wconf 82' lang='lat' dir='ltr'>noscantur.</span> <span class='ocrx_word' id='word_1_215' title='bbox 907 1894 1008 1936; x_wconf 83' lang='lat' dir='ltr'>Quae</span> <span class='ocrx_word' id='word_1_216' title='bbox 1053 1903 1072 1926; x_wconf 89' lang='lat' dir='ltr'>a</span> <span class='ocrx_word' id='word_1_217' title='bbox 1117 1889 1222 1925; x_wconf 89' lang='lat' dir='ltr'>nobis</span> <span class='ocrx_word' id='word_1_218' title='bbox 1275 1888 1421 1924; x_wconf 86' lang='lat' dir='ltr'>nomine</span> <span class='ocrx_word' id='word_1_219' title='bbox 1452 1887 1662 1923; x_wconf 78' lang='lat' dir='ltr'>Clerekiano</span> <span class='ocrx_word' id='word_1_220' title='bbox 1697 1886 1900 1935; x_wconf 81' lang='lat' dir='ltr'>appellatur,</span> <span class='ocrx_word' id='word_1_221' title='bbox 1936 1874 2058 1935; x_wconf 23' lang='lat' dir='ltr'>quum*</span> <span class='ocrx_word' id='word_1_222' title='bbox 2084 1886 2242 1922; x_wconf 86' lang='lat' dir='ltr'>omnium</span> 
     </span>
     <span class='ocr_line' id='line_1_27' title="bbox 648 1945 2244 2001; baseline -0.007 -11"><span class='ocrx_word' id='word_1_223' title='bbox 648 1966 771 1990; x_wconf 86' lang='lat' dir='ltr'>earum</span> <span class='ocrx_word' id='word_1_224' title='bbox 801 1950 1087 2001; x_wconf 80' lang='lat' dir='ltr'>frequentissima</span> <span class='ocrx_word' id='word_1_225' title='bbox 1113 1952 1168 1984; x_wconf 89' lang='lat' dir='ltr'>est</span> <span class='ocrx_word' id='word_1_226' title='bbox 1200 1951 1235 1983; x_wconf 88' lang='lat' dir='ltr'>et</span> <span class='ocrx_word' id='word_1_227' title='bbox 1262 1947 1392 1996; x_wconf 81' lang='lat' dir='ltr'>ubique</span> <span class='ocrx_word' id='word_1_228' title='bbox 1415 1947 1450 1982; x_wconf 90' lang='lat' dir='ltr'>in</span> <span class='ocrx_word' id='word_1_229' title='bbox 1480 1946 1609 1981; x_wconf 80' lang='lat' dir='ltr'>Suecia</span> <span class='ocrx_word' id='word_1_230' title='bbox 1635 1945 1805 1995; x_wconf 72' lang='lat' dir='ltr'>vulgaris,</span> <span class='ocrx_word' id='word_1_231' title='bbox 1831 1953 1903 1981; x_wconf 89' lang='lat' dir='ltr'>tum</span> <span class='ocrx_word' id='word_1_232' title='bbox 1931 1945 2035 1981; x_wconf 85' lang='lat' dir='ltr'>etiam</span> <span class='ocrx_word' id='word_1_233' title='bbox 2064 1957 2123 1986; x_wconf 83' lang='lat' dir='ltr'>ea,</span> <span class='ocrx_word' id='word_1_234' title='bbox 2152 1957 2244 1994; x_wconf 82' lang='lat' dir='ltr'>quae</span> 
     </span>
     <span class='ocr_line' id='line_1_28' title="bbox 648 2004 2246 2053; baseline -0.007 -3"><span class='ocrx_word' id='word_1_235' title='bbox 648 2027 667 2049; x_wconf 86' lang='lat' dir='ltr'>a</span> <span class='ocrx_word' id='word_1_236' title='bbox 683 2013 797 2049; x_wconf 80' lang='lat' dir='ltr'>SUND.</span> <span class='ocrx_word' id='word_1_237' title='bbox 814 2016 849 2048; x_wconf 85' lang='lat' dir='ltr'>et</span> <span class='ocrx_word' id='word_1_238' title='bbox 861 2011 1013 2046; x_wconf 78' lang='lat' dir='ltr'>WESTR.</span> <span class='ocrx_word' id='word_1_239' title='bbox 1042 2010 1084 2044; x_wconf 91' lang='lat' dir='ltr'>L.</span> <span class='ocrx_word' id='word_1_240' title='bbox 1102 2008 1280 2044; x_wconf 74' lang='lat' dir='ltr'>monticola</span> <span class='ocrx_word' id='word_1_241' title='bbox 1307 2005 1508 2053; x_wconf 59' lang='lat' dir='ltr'>(Clerck.)</span> <span class='ocrx_word' id='word_1_242' title='bbox 1535 2009 1692 2041; x_wconf 84' lang='lat' dir='ltr'>vocatur.</span> <span class='ocrx_word' id='word_1_243' title='bbox 1746 2005 1807 2040; x_wconf 87' lang='lat' dir='ltr'>Ad</span> <span class='ocrx_word' id='word_1_244' title='bbox 1831 2004 1981 2041; x_wconf 91' lang='lat' dir='ltr'>eandem</span> <span class='ocrx_word' id='word_1_245' title='bbox 1998 2016 2144 2053; x_wconf 88' lang='lat' dir='ltr'>quoque</span> <span class='ocrx_word' id='word_1_246' title='bbox 2170 2016 2246 2039; x_wconf 90' lang='lat' dir='ltr'>me-</span> 
     </span>
     <span class='ocr_line' id='line_1_29' title="bbox 647 2064 2243 2120; baseline -0.006 -12"><span class='ocrx_word' id='word_1_247' title='bbox 647 2072 723 2114; x_wconf 87' lang='lat' dir='ltr'>lius,</span> <span class='ocrx_word' id='word_1_248' title='bbox 754 2083 859 2120; x_wconf 87' lang='lat' dir='ltr'>quam</span> <span class='ocrx_word' id='word_1_249' title='bbox 885 2069 930 2105; x_wconf 81' lang='lat' dir='ltr'>ad</span> <span class='ocrx_word' id='word_1_250' title='bbox 956 2068 1112 2117; x_wconf 83' lang='lat' dir='ltr'>reliquas</span> <span class='ocrx_word' id='word_1_251' title='bbox 1139 2066 1313 2116; x_wconf 82' lang='lat' dir='ltr'>quadrant</span> <span class='ocrx_word' id='word_1_252' title='bbox 1339 2064 1450 2101; x_wconf 84' lang='lat' dir='ltr'>verba</span> <span class='ocrx_word' id='word_1_253' title='bbox 1477 2065 1673 2100; x_wconf 80' lang='lat' dir='ltr'>CLERCKII:</span> <span class='ocrx_word' id='word_1_254' title='bbox 1704 2065 1823 2099; x_wconf 78' lang='lat' dir='ltr'>«Haec</span> <span class='ocrx_word' id='word_1_255' title='bbox 1849 2070 1972 2113; x_wconf 69' lang='lat' dir='ltr'>species</span> <span class='ocrx_word' id='word_1_256' title='bbox 1991 2069 2166 2112; x_wconf 63' lang='lat' dir='ltr'>exparzvis</span> <span class='ocrx_word' id='word_1_257' title='bbox 2186 2072 2243 2098; x_wconf 79' lang='lat' dir='ltr'>est.</span> 
     </span>
     <span class='ocr_line' id='line_1_30' title="bbox 651 2121 2243 2173; baseline -0.005 -7"><span class='ocrx_word' id='word_1_258' title='bbox 651 2154 695 2158; x_wconf 92' lang='lat'>——</span> <span class='ocrx_word' id='word_1_259' title='bbox 712 2153 758 2158; x_wconf 96' lang='lat'><strong>—</strong></span> <span class='ocrx_word' id='word_1_260' title='bbox 790 2131 893 2165; x_wconf 75' lang='lat' dir='ltr'>Pedes</span> <span class='ocrx_word' id='word_1_261' title='bbox 920 2127 1102 2169; x_wconf 75' lang='lat' dir='ltr'>subalbidi,</span> <span class='ocrx_word' id='word_1_262' title='bbox 1130 2132 1242 2173; x_wconf 73' lang='lat' dir='ltr'>nigris</span> <span class='ocrx_word' id='word_1_263' title='bbox 1268 2125 1411 2160; x_wconf 67' lang='lat' dir='ltr'>maculis</span> <span class='ocrx_word' id='word_1_264' title='bbox 1428 2147 1472 2151; x_wconf 97' lang='lat'><strong>—</strong></span> <span class='ocrx_word' id='word_1_265' title='bbox 1491 2146 1552 2159; x_wconf 93' lang='lat'>—.</span> <span class='ocrx_word' id='word_1_266' title='bbox 1607 2125 1731 2159; x_wconf 73' lang='lat' dir='ltr'>Pectus</span> <span class='ocrx_word' id='word_1_267' title='bbox 1751 2145 1796 2149; x_wconf 94' lang='lat'>——</span> <span class='ocrx_word' id='word_1_268' title='bbox 1815 2146 1858 2150; x_wconf 92' lang='lat'>——</span> <span class='ocrx_word' id='word_1_269' title='bbox 1885 2129 2038 2169; x_wconf 71' lang='lat' dir='ltr'>nigrum,</span> <span class='ocrx_word' id='word_1_270' title='bbox 2066 2121 2243 2158; x_wconf 76' lang='lat' dir='ltr'>subalbida</span> 
     </span>
     <span class='ocr_line' id='line_1_31' title="bbox 650 2180 2243 2238; baseline -0.006 -13"><span class='ocrx_word' id='word_1_271' title='bbox 650 2191 768 2225; x_wconf 75' lang='lat' dir='ltr'>lineola</span> <span class='ocrx_word' id='word_1_272' title='bbox 787 2203 856 2238; x_wconf 77' lang='lat' dir='ltr'>per</span> <span class='ocrx_word' id='word_1_273' title='bbox 886 2189 1031 2223; x_wconf 79' lang='lat' dir='ltr'>medium</span> <span class='ocrx_word' id='word_1_274' title='bbox 1051 2191 1202 2235; x_wconf 75' lang='lat' dir='ltr'>pectoris</span> <span class='ocrx_word' id='word_1_275' title='bbox 1228 2191 1262 2220; x_wconf 77' lang='lat' dir='ltr'>in</span> <span class='ocrx_word' id='word_1_276' title='bbox 1289 2185 1402 2219; x_wconf 65' lang='lat' dir='ltr'>alnum</span> <span class='ocrx_word' id='word_1_277' title='bbox 1429 2185 1664 2233; x_wconf 75' lang='lat' dir='ltr'>quadantenus</span> <span class='ocrx_word' id='word_1_278' title='bbox 1690 2185 1809 2223; x_wconf 74' lang='lat' dir='ltr'>dueta,</span> <span class='ocrx_word' id='word_1_279' title='bbox 1836 2181 1976 2230; x_wconf 78' lang='lat' dir='ltr'>albaque</span> <span class='ocrx_word' id='word_1_280' title='bbox 1992 2180 2141 2228; x_wconf 76' lang='lat' dir='ltr'>fimbria</span> <span class='ocrx_word' id='word_1_281' title='bbox 2158 2195 2243 2230; x_wconf 77' lang='lat' dir='ltr'>pro-</span> 
     </span>
     <span class='ocr_line' id='line_1_32' title="bbox 650 2239 2244 2298; baseline -0.005 -14"><span class='ocrx_word' id='word_1_282' title='bbox 650 2256 740 2285; x_wconf 76' lang='lat' dir='ltr'>aeime</span> <span class='ocrx_word' id='word_1_283' title='bbox 755 2250 876 2298; x_wconf 62' lang='lat' dir='ltr'>pedm,</span> <span class='ocrx_word' id='word_1_284' title='bbox 907 2253 1102 2294; x_wconf 69' lang='lat' dir='ltr'>signatur.»</span> <span class='ocrx_word' id='word_1_285' title='bbox 1155 2243 1336 2280; x_wconf 87' lang='lat' dir='ltr'>Invenitur</span> <span class='ocrx_word' id='word_1_286' title='bbox 1361 2243 1465 2279; x_wconf 87' lang='lat' dir='ltr'>etiam</span> <span class='ocrx_word' id='word_1_287' title='bbox 1497 2254 1641 2290; x_wconf 82' lang='lat' dir='ltr'>semper</span> <span class='ocrx_word' id='word_1_288' title='bbox 1665 2241 1753 2277; x_wconf 87' lang='lat' dir='ltr'>locis</span> <span class='ocrx_word' id='word_1_289' title='bbox 1780 2240 1901 2281; x_wconf 84' lang='lat' dir='ltr'>aridis,</span> <span class='ocrx_word' id='word_1_290' title='bbox 1934 2239 2071 2275; x_wconf 87' lang='lat' dir='ltr'>solibus</span> <span class='ocrx_word' id='word_1_291' title='bbox 2098 2240 2244 2288; x_wconf 81' lang='lat' dir='ltr'>exposi-</span> 
     </span>
     <span class='ocr_line' id='line_1_33' title="bbox 651 2298 2242 2349; baseline -0.006 -5"><span class='ocrx_word' id='word_1_292' title='bbox 651 2308 709 2349; x_wconf 89' lang='lat' dir='ltr'>tis,</span> <span class='ocrx_word' id='word_1_293' title='bbox 737 2314 774 2342; x_wconf 86' lang='lat' dir='ltr'>ut</span> <span class='ocrx_word' id='word_1_294' title='bbox 802 2306 1015 2342; x_wconf 78' lang='lat' dir='ltr'>CLERCKIUS</span> <span class='ocrx_word' id='word_1_295' title='bbox 1046 2304 1092 2339; x_wconf 87' lang='lat' dir='ltr'>de</span> <span class='ocrx_word' id='word_1_296' title='bbox 1116 2315 1180 2339; x_wconf 85' lang='lat' dir='ltr'>sua</span> <span class='ocrx_word' id='word_1_297' title='bbox 1205 2315 1336 2338; x_wconf 83' lang='lat' dir='ltr'>aranea</span> <span class='ocrx_word' id='word_1_298' title='bbox 1363 2301 1454 2337; x_wconf 90' lang='lat' dir='ltr'>dicit.</span> <span class='ocrx_word' id='word_1_299' title='bbox 1482 2323 1526 2328; x_wconf 94' lang='lat'>—</span> <span class='ocrx_word' id='word_1_300' title='bbox 1550 2302 1591 2336; x_wconf 91' lang='lat' dir='ltr'>L.</span> <span class='ocrx_word' id='word_1_301' title='bbox 1613 2301 1791 2335; x_wconf 70' lang='lat' dir='ltr'>monticola</span> <span class='ocrx_word' id='word_1_302' title='bbox 1816 2298 1974 2333; x_wconf 79' lang='lat' dir='ltr'>Walck.</span> <span class='ocrx_word' id='word_1_303' title='bbox 2005 2298 2083 2343; x_wconf 81' lang='lat' dir='ltr'>(Ins.</span> <span class='ocrx_word' id='word_1_304' title='bbox 2109 2299 2192 2348; x_wconf 86' lang='lat' dir='ltr'>Apt.</span> <span class='ocrx_word' id='word_1_305' title='bbox 2219 2299 2242 2334; x_wconf 89' lang='lat'>1.</span> 
     </span>
     <span class='ocr_line' id='line_1_34' title="bbox 651 2359 2243 2414; baseline -0.006 -12"><span class='ocrx_word' id='word_1_306' title='bbox 651 2380 682 2414; x_wconf 87' lang='lat' dir='ltr'>p.</span> <span class='ocrx_word' id='word_1_307' title='bbox 706 2367 801 2406; x_wconf 69' lang='grc'>398.)</span> <span class='ocrx_word' id='word_1_308' title='bbox 830 2365 874 2400; x_wconf 80' lang='lat' dir='ltr'>de</span> <span class='ocrx_word' id='word_1_309' title='bbox 910 2377 979 2413; x_wconf 85' lang='lat' dir='ltr'>qua</span> <span class='ocrx_word' id='word_1_310' title='bbox 1011 2363 1100 2398; x_wconf 79' lang='lat' dir='ltr'>haec</span> <span class='ocrx_word' id='word_1_311' title='bbox 1134 2362 1312 2398; x_wconf 84' lang='lat' dir='ltr'>dicuntur:</span> <span class='ocrx_word' id='word_1_312' title='bbox 1355 2362 1424 2396; x_wconf 76' lang='lat' dir='ltr'>«les</span> <span class='ocrx_word' id='word_1_313' title='bbox 1446 2369 1565 2409; x_wconf 73' lang='lat' dir='ltr'>pattes</span> <span class='ocrx_word' id='word_1_314' title='bbox 1602 2368 1679 2394; x_wconf 69' lang='lat' dir='ltr'>sont</span> <span class='ocrx_word' id='word_1_315' title='bbox 1702 2362 1918 2394; x_wconf 65' lang='lat' dir='ltr'>entibrement</span> <span class='ocrx_word' id='word_1_316' title='bbox 1936 2359 2070 2404; x_wconf 76' lang='lat' dir='ltr'>fmwes</span> <span class='ocrx_word' id='word_1_317' title='bbox 2097 2359 2183 2392; x_wconf 73' lang='lat' dir='ltr'>{lans</span> <span class='ocrx_word' id='word_1_318' title='bbox 2209 2359 2243 2392; x_wconf 79' lang='lat' dir='ltr'>la</span> 
     </span>
     <span class='ocr_line' id='line_1_35' title="bbox 641 2416 2241 2472; baseline -0.006 -12"><span class='ocrx_word' id='word_1_319' title='bbox 641 2426 821 2472; x_wconf 77' lang='lat' dir='ltr'>femelle»,</span> <span class='ocrx_word' id='word_1_320' title='bbox 851 2423 978 2458; x_wconf 84' lang='lat' dir='ltr'>eadem</span> <span class='ocrx_word' id='word_1_321' title='bbox 1005 2434 1101 2462; x_wconf 80' lang='lat' dir='ltr'>esse,</span> <span class='ocrx_word' id='word_1_322' title='bbox 1127 2433 1168 2456; x_wconf 87' lang='lat' dir='ltr'>ac</span> <span class='ocrx_word' id='word_1_323' title='bbox 1194 2426 1316 2456; x_wconf 83' lang='lat' dir='ltr'>nostra</span> <span class='ocrx_word' id='word_1_324' title='bbox 1342 2421 1384 2454; x_wconf 90' lang='lat' dir='ltr'>L.</span> <span class='ocrx_word' id='word_1_325' title='bbox 1411 2419 1552 2454; x_wconf 76' lang='lat' dir='ltr'>tarsalis</span> <span class='ocrx_word' id='word_1_326' title='bbox 1578 2417 1734 2453; x_wconf 87' lang='lat' dir='ltr'>videtur:</span> <span class='ocrx_word' id='word_1_327' title='bbox 1763 2418 1847 2465; x_wconf 71' lang='lat' dir='ltr'><em>Lyc.</em></span> <span class='ocrx_word' id='word_1_328' title='bbox 1873 2429 1960 2452; x_wconf 88' lang='lat' dir='ltr'>vero</span> <span class='ocrx_word' id='word_1_329' title='bbox 1986 2423 2163 2464; x_wconf 69' lang='lat' dir='ltr'>saccigem</span> <span class='ocrx_word' id='word_1_330' title='bbox 2189 2416 2241 2451; x_wconf 91' lang='lat' dir='ltr'>id.</span> 
     </span>
     <span class='ocr_line' id='line_1_36' title="bbox 653 2475 2243 2531; baseline -0.006 -13"><span class='ocrx_word' id='word_1_331' title='bbox 653 2483 755 2526; x_wconf 79' lang='lat' dir='ltr'>(ibid.</span> <span class='ocrx_word' id='word_1_332' title='bbox 784 2496 817 2531; x_wconf 89' lang='lat' dir='ltr'>p.</span> <span class='ocrx_word' id='word_1_333' title='bbox 846 2482 939 2524; x_wconf 72' lang='lat'>327.)</span> <span class='ocrx_word' id='word_1_334' title='bbox 965 2492 1086 2515; x_wconf 83' lang='lat' dir='ltr'>veram</span> <span class='ocrx_word' id='word_1_335' title='bbox 1113 2481 1155 2515; x_wconf 88' lang='lat' dir='ltr'>L.</span> <span class='ocrx_word' id='word_1_336' title='bbox 1184 2480 1395 2515; x_wconf 69' lang='lat' dir='ltr'>monticolam</span> <span class='ocrx_word' id='word_1_337' title='bbox 1419 2484 1454 2513; x_wconf 88' lang='lat' dir='ltr'>et</span> <span class='ocrx_word' id='word_1_338' title='bbox 1473 2480 1630 2513; x_wconf 86' lang='lat' dir='ltr'>nostram</span> <span class='ocrx_word' id='word_1_339' title='bbox 1658 2477 1700 2511; x_wconf 92' lang='lat' dir='ltr'>L.</span> <span class='ocrx_word' id='word_1_340' title='bbox 1729 2483 1940 2522; x_wconf 73' lang='lat' dir='ltr'>saccigeram</span> <span class='ocrx_word' id='word_1_341' title='bbox 1967 2475 2118 2512; x_wconf 83' lang='lat' dir='ltr'>fortasse</span> <span class='ocrx_word' id='word_1_342' title='bbox 2144 2487 2243 2510; x_wconf 87' lang='lat' dir='ltr'>com-</span> 
     </span>
     <span class='ocr_line' id='line_1_37' title="bbox 653 2534 2241 2590; baseline -0.006 -13"><span class='ocrx_word' id='word_1_343' title='bbox 653 2540 849 2590; x_wconf 86' lang='lat' dir='ltr'>prehendit.</span> <span class='ocrx_word' id='word_1_344' title='bbox 881 2562 925 2568; x_wconf 89' lang='lat'>—</span> <span class='ocrx_word' id='word_1_345' title='bbox 954 2540 1039 2586; x_wconf 60' lang='lat' dir='ltr'>Lym</span> <span class='ocrx_word' id='word_1_346' title='bbox 1066 2539 1244 2574; x_wconf 70' lang='lat' dir='ltr'>monticola</span> <span class='ocrx_word' id='word_1_347' title='bbox 1282 2536 1418 2572; x_wconf 88' lang='lat' dir='ltr'>Koch.</span> <span class='ocrx_word' id='word_1_348' title='bbox 1450 2536 1533 2577; x_wconf 34' lang='lat' dir='ltr'>kDie</span> <span class='ocrx_word' id='word_1_349' title='bbox 1571 2534 1726 2570; x_wconf 85' lang='lat' dir='ltr'>Arachn.</span> <span class='ocrx_word' id='word_1_350' title='bbox 1760 2535 1839 2570; x_wconf 91' lang='lat' dir='ltr'>XV.</span> <span class='ocrx_word' id='word_1_351' title='bbox 1870 2548 1900 2583; x_wconf 92' lang='lat' dir='ltr'>p.</span> <span class='ocrx_word' id='word_1_352' title='bbox 1929 2535 2001 2570; x_wconf 46' lang='lat'>42³</span> <span class='ocrx_word' id='word_1_353' title='bbox 2036 2534 2081 2570; x_wconf 86' lang='lat' dir='ltr'>ad</span> <span class='ocrx_word' id='word_1_354' title='bbox 2107 2537 2241 2582; x_wconf 83' lang='lat' dir='ltr'>partem</span> 
     </span>
     <span class='ocr_line' id='line_1_38' title="bbox 655 2592 2243 2645; baseline -0.006 -9"><span class='ocrx_word' id='word_1_355' title='bbox 655 2606 751 2636; x_wconf 83' lang='lat' dir='ltr'>certe</span> <span class='ocrx_word' id='word_1_356' title='bbox 779 2612 860 2635; x_wconf 89' lang='lat' dir='ltr'>cum</span> <span class='ocrx_word' id='word_1_357' title='bbox 882 2600 1059 2635; x_wconf 75' lang='lat' dir='ltr'>CLERcKu</span> <span class='ocrx_word' id='word_1_358' title='bbox 1083 2596 1205 2645; x_wconf 86' lang='lat' dir='ltr'>specie</span> <span class='ocrx_word' id='word_1_359' title='bbox 1235 2595 1414 2645; x_wconf 80' lang='lat' dir='ltr'>congruit,</span> <span class='ocrx_word' id='word_1_360' title='bbox 1443 2596 1499 2643; x_wconf 66' lang='lat' dir='ltr'>fig.</span> <span class='ocrx_word' id='word_1_361' title='bbox 1529 2594 1651 2630; x_wconf 86' lang='lat' dir='ltr'>saltem</span> <span class='ocrx_word' id='word_1_362' title='bbox 1677 2595 1784 2629; x_wconf 73' lang='lat'>1448:</span> <span class='ocrx_word' id='word_1_363' title='bbox 1813 2593 1878 2630; x_wconf 87' lang='lat' dir='ltr'>sed</span> <span class='ocrx_word' id='word_1_364' title='bbox 1892 2594 1973 2643; x_wconf 76' lang='lat' dir='ltr'>figg.</span> <span class='ocrx_word' id='word_1_365' title='bbox 2000 2592 2243 2628; x_wconf 74' lang='lat'>1445-14-47</span> 
     </span>
    </p>
   </div>
   <div class='ocr_carea' id='block_1_10' title="bbox 2406 0 2435 2442">
    <p class='ocr_par' dir='ltr' id='par_1_10' title="bbox 2406 0 2435 2442">
     <span class='ocr_line' id='line_1_39' title="bbox 2406 0 2435 2442; baseline 0 0"><span class='ocrx_word' id='word_1_366' title='bbox 2406 0 2435 2442; x_wconf 95' lang='lat' dir='ltr'> </span> 
     </span>
    </p>
   </div>
  </div>
 </body>
</html>
