2435 3188
758 675 1234 734 MONOGRAPHIA

483 783 972 830 STEREOGAULORUM
1005 785 1064 828 ET
1095 782 1508 829 PILOPHORORUM

918 926 1074 955 AUCTORE

764 1022 953 1050 Tflssonono
975 1021 1096 1049 MAGNO
1119 1020 1237 1052 mults,

790 1070 847 1088 rint,
863 1070 936 1091 noer,
952 1069 1033 1087 nomn
1049 1069 1098 1087 noe.
1113 1068 1190 1087 ursan

198 1196 343 1248 Novus
381 1213 455 1259 jam
495 1212 530 1248 in
556 1212 814 1262 Lichenologia
845 1212 977 1248 exstitit
999 1216 1105 1261 atque
1129 1211 1225 1261 viget
1252 1221 1371 1246 rerum
1400 1208 1502 1245 ordo.
1555 1205 1800 1254 Microscopio

199 1272 292 1308 enim
323 1272 356 1307 in
385 1271 662 1307 determinandis
702 1272 896 1322 generibus
926 1276 1031 1320 atque
1065 1269 1256 1319 speciebus
1283 1268 1461 1305 lichenum
1490 1266 1663 1307 adhibito,
1688 1263 1801 1313 pluri-

202 1344 281 1367 mae
308 1331 342 1366 in
370 1329 435 1365 hac
463 1330 647 1367 botanices
672 1335 772 1380 parte
799 1331 987 1379 opiniones
1014 1334 1095 1365 sunt
1119 1328 1336 1377 antiquatae,
1366 1327 1560 1363 formarum
1586 1322 1800 1361 determina-

201 1390 308 1427 tionis
335 1396 370 1425 et
395 1388 652 1426 distributionis
680 1390 810 1426 certior
837 1390 891 1425 via
920 1388 1108 1438 patefacta,
1135 1387 1263 1424 multae
1290 1386 1514 1423 difficultates
1530 1384 1704 1425 sublatae,
1724 1381 1802 1431 qui-

200 1449 350 1485 buscum
376 1448 527 1497 antiquis
555 1448 823 1499 Lichenologis,
851 1448 965 1484 hocce
993 1447 1127 1483 auxilio
1158 1446 1375 1488 carentibus,
1399 1445 1521 1481 luctari
1549 1447 1624 1480 erat
1638 1453 1800 1478 necesse.

202 1509 301 1545 Haec
344 1520 445 1548 vero,
481 1507 572 1543 sicut
605 1509 737 1551 omnis,
767 1508 986 1549 emendatio,
1014 1507 1175 1556 quamvis
1208 1505 1298 1541 utilis
1324 1505 1368 1542 sit
1395 1511 1430 1540 et
1455 1502 1674 1543 necessaria,
1702 1499 1800 1536 initio

202 1567 440 1603 incommodis
468 1580 540 1602 non
569 1566 630 1602 fuit
656 1567 783 1610 libera,
811 1580 902 1617 quae
929 1572 1069 1615 tempus
1098 1565 1214 1601 solum
1244 1569 1361 1614 potest
1402 1563 1545 1604 tollere,
1585 1563 1677 1598 inter
1709 1572 1802 1609 quae

203 1639 430 1662 numeramus
471 1631 630 1662 veterum
673 1626 881 1674 opinionum
927 1625 1335 1673 determinationumque
1374 1622 1623 1662 confusiones,
1653 1631 1802 1669 quarum

204 1684 297 1721 haud
335 1685 488 1732 exiguus
525 1691 579 1721 est
606 1698 786 1722 numerus.
840 1685 921 1721 Non
949 1685 1042 1721 enim
1071 1685 1200 1721 desunt
1229 1706 1272 1712 —
1302 1688 1424 1731 aperte
1451 1682 1572 1717 dicere
1600 1692 1671 1716 non
1700 1677 1804 1714 dubi-

204 1749 316 1779 tamus
347 1766 408 1785 —‚
438 1744 498 1793 qui
522 1749 581 1780 aut
607 1757 713 1781 caeca
741 1745 836 1781 ducti
862 1757 1036 1780 novarum
1063 1756 1181 1779 rerum
1210 1742 1444 1778 admiratione
1473 1745 1507 1776 et
1531 1751 1671 1780 amore,
1692 1748 1804 1786 opera

206 1803 431 1851 pristinorum
460 1808 645 1840 auctorum
676 1805 823 1840 omnino
854 1803 1065 1852 despiciant,
1091 1808 1150 1838 aut
1176 1801 1374 1851 ignorantia
1402 1799 1504 1836 facile
1535 1797 1757 1848 ignoscenda
1784 1808 1804 1830 a

205 1874 291 1896 vero
319 1862 563 1910 imprudenter
597 1863 804 1900 aberrantes
830 1863 910 1899 vitia
938 1862 1172 1903 committant,
1209 1874 1300 1910 quae
1330 1859 1498 1896 scientiae
1527 1858 1667 1907 penitus
1694 1856 1805 1892 infixa

206 1920 305 1956 facile
333 1928 505 1958 maneant.
560 1923 709 1971 Experti
733 1923 824 1958 enim
852 1922 1016 1958 novimus
1044 1927 1078 1957 et
1105 1919 1281 1968 exemplis
1309 1931 1501 1968 possumus
1523 1917 1695 1966 probare,
1719 1915 1805 1951 scri-

207 1985 327 2027 ptores
356 1993 425 2016 non
455 1981 565 2017 modo
591 1981 886 2028 Liclienologiae,
915 1981 980 2017 sed
1010 1980 1114 2016 etiam
1140 1978 1331 2014 Botanices
1359 1977 1561 2018 universae,
1584 1988 1693 2024 saepe
1719 1973 1804 2009 alio-

208 2051 284 2073 rum
336 2041 581 2076 tantummodo
632 2030 913 2090 transscripsisse
963 2039 1074 2075 verba
1120 2051 1238 2087 neque
1289 2036 1443 2072 debitam
1491 2034 1696 2071 adhibuisse
1744 2045 1804 2067 cu-

208 2109 296 2139 ram,
336 2098 380 2133 ita
421 2105 470 2141 ut,
513 2113 593 2135 raro
627 2100 671 2135 ad
699 2100 814 2136 fontes
844 2099 1030 2148 primarios
1071 2096 1240 2143 regressi,
1270 2096 1477 2132 auctoritate
1507 2094 1616 2129 modo
1652 2092 1801 2128 aliorum

207 2155 273 2191 sint
310 2157 400 2198 nixi,
441 2159 675 2207 quamobrem
719 2172 782 2208 per
819 2159 962 2208 longam
1003 2169 1178 2193 annorum
1202 2156 1331 2191 seriem
1360 2154 1445 2190 falsa
1473 2166 1537 2202 pro
1565 2152 1659 2188 veris
1688 2151 1805 2187 habita

208 2219 295 2250 sunt.
348 2216 471 2252 Virum
500 2230 712 2259 suecanum,
751 2219 883 2267 quippe
911 2216 970 2266 qui
994 2215 1182 2252 traditione
1210 2219 1244 2250 et
1274 2213 1457 2249 subtiliore
1487 2225 1606 2247 rerum
1636 2210 1805 2246 domesti-

211 2286 329 2308 carum
370 2276 573 2321 cognitione
612 2276 808 2326 permultos
847 2289 991 2312 errores
1018 2274 1153 2310 facilius
1183 2272 1386 2322 perspiciat,
1417 2270 1596 2319 ejusmodi
1622 2270 1803 2305 videntem

211 2343 318 2379 saepe
342 2334 474 2376 taedet,
503 2348 599 2377 nam,
627 2335 731 2371 insito
763 2335 895 2384 patriae
922 2346 1046 2370 amore
1075 2338 1293 2373 commotus,
1323 2330 1507 2367 molestius
1533 2330 1599 2365 fert
1617 2329 1806 2377 opiniones

213 2394 247 2424 et
272 2390 382 2426 verba
408 2392 543 2429 detorta
571 2394 768 2443 gentilium,
800 2407 951 2443 quorum
980 2393 1013 2429 in
1042 2404 1192 2427 numero
1221 2397 1301 2427 sunt
1328 2390 1391 2426 viri
1413 2390 1457 2425 de
1476 2388 1714 2437 lichenologia
1733 2399 1807 2422 me-

213 2448 380 2490 ritissimi,
407 2451 595 2495 LmNAEus,
621 2454 854 2495 Swauszs,
878 2455 1090 2493 Aemulus,
1108 2451 1459 2491 VVAHLENBERGIUS,
1480 2449 1669 2489 Fumsms,
1692 2448 1808 2484 STEN-

215 2517 396 2547 namma,
425 2508 627 2559 Norvegum
657 2512 753 2547 illum
782 2513 1110 2548 SOMMERFELTIUM
1137 2515 1173 2546 ut
1199 2516 1389 2545 taceamus.
1445 2510 1525 2553 Qua
1552 2508 1689 2544 ratione
1712 2508 1807 2543 ducti

216 2564 474 2608 constituimus,
502 2574 554 2610 ut,
584 2570 727 2618 quando
755 2570 848 2606 vires
876 2571 1058 2618 otiumque
1085 2569 1342 2617 permisissent,
1371 2568 1516 2618 singulis
1542 2567 1720 2603 lichenum
1745 2580 1807 2616 ge-

217 2621 360 2658 neribus
393 2628 669 2676 monographice
702 2628 891 2664 tractandis
918 2629 963 2664 ad
991 2628 1188 2676 pleniorem
1215 2628 1456 2678 cognitionem
1485 2639 1556 2662 non
1584 2627 1700 2663 solum
1727 2639 1808 2674 spe-
