2435 3188
704 283 786 323 268

653 392 792 438 poribus
821 389 985 426 Gessneri
1012 405 1082 427 rara
1112 391 1213 426 fuisse
1239 390 1365 426 dicitur.
1426 389 1529 429 Quod
1563 391 1605 425 ab
1631 404 1744 426 errore
1781 391 1925 439 quodam
1960 392 2147 440 profectum
2185 406 2260 428 esse

653 450 792 491 videtur,
822 451 897 497 quia
923 449 1079 485 Fumaria
1110 451 1193 485 haec
1227 451 1257 484 in
1291 451 1381 485 libris
1421 451 1561 497 antiquis
1603 450 1767 485 chronicis
1808 452 1939 493 citatur,
1978 452 2068 499 quod
2096 453 2126 486 in
2156 452 2261 493 libris,

654 522 739 557 quae
767 508 919 543 dicuntur
952 507 1152 543 »Botaniska
1182 508 1386 557 Utllygteru,
1414 509 1552 543 illustrat
1581 508 1631 544 Cl.
1660 509 1788 543 FRIES.
1840 509 1869 543 E
1898 512 2062 545 contrario
2093 512 2184 558 regio
2206 525 2261 546 na-

652 568 764 603 turalis
789 568 885 614 liujus
916 569 1041 615 speciei
1069 567 1208 615 Europa
1236 581 1312 603 esse
1343 567 1482 609 videtur,
1509 581 1525 602 a
1553 580 1616 615 qua
1644 569 1779 614 regione
1810 569 1975 615 migravit,
2012 576 2046 604 ut
2077 583 2164 604 nunc
2194 569 2262 605 sere

653 628 777 675 ubique
805 627 898 668 adsit,
925 640 1011 661 nova
1039 626 1216 661 Hollandia
1247 633 1279 661 et
1306 627 1617 674 circumjacentibus
1644 626 1757 661 insulis
1787 633 1908 661 tantum
1936 629 2096 676 exceptis.

809 745 895 781 Obs.
926 744 966 779 II.
1022 744 1133 792 Hujus
1162 746 1287 792 speciei
1317 746 1490 780 varietates
1534 758 1636 792 saepe
1675 758 1737 792 pro
1779 745 1958 791 speciebus
1996 746 2156 781 distinctis
2191 751 2265 780 sunt

655 805 801 845 habitae,
840 819 912 839 var.
940 804 1096 850 vulgaris
1122 810 1172 838 est
1199 804 1414 851 plurimorum
1456 811 1626 838 anctorum
1663 803 1785 850 judicio
1814 803 1988 839 Remuria
2017 806 2126 839 media
2153 803 2265 845 Lois.‚

660 864 751 912 quod
778 864 927 912 pluribus
956 863 997 897 de
1022 865 1159 903 caussis,
1189 876 1274 910 quae
1304 862 1384 897 infra
1410 863 1595 903 afferentur,
1625 862 1813 897 concedere
1842 876 1906 897 non
1936 877 2083 911 possum.
2134 863 2266 898 Herba-

657 925 738 958 rium
766 922 974 963 Loiseleurii,
1001 922 1092 970 quod
1124 921 1165 955 ad
1191 922 1274 956 lianc
1302 936 1371 956 rem
1400 921 1631 970 explicandam
1666 921 1829 969 quandam
1858 921 1996 957 haberet
2031 926 2266 963 auctoritatem,

658 995 756 1017 nemo
781 995 894 1016 eorum
912 988 1092 1021 auctorum,
1118 982 1171 1029 qui
1187 994 1293 1028 genus
1310 980 1538 1015 Fumariarum
1563 987 1748 1022 tractarunt,
1777 982 1963 1028 inspexisse
1990 982 2126 1017 videtur.
2181 981 2266 1017 Cum

661 1047 768 1076 antem
798 1054 862 1089 ego
890 1042 984 1075 etiam
1016 1040 1080 1075 hoc
1106 1040 1294 1075 herbarium
1322 1041 1487 1088 inspicere
1526 1054 1590 1075 non
1629 1042 1809 1088 potuerim,
1843 1053 1860 1075 e
1891 1040 2114 1089 descriptione
2146 1040 2268 1076 Loise-

659 1101 750 1135 leurii
777 1114 846 1135 rem
875 1099 1055 1146 dijudicare
1085 1106 1221 1134 coactus
1251 1100 1308 1139 fui3
1337 1113 1422 1147 quae
1447 1106 1555 1134 tamen
1585 1099 1765 1147 descriptio
1796 1105 1859 1134 tam
1891 1100 1977 1134 clara
1993 1107 2052 1141 est,
2083 1106 2117 1134 ut
2134 1100 2268 1134 dubium

660 1173 724 1195 non
749 1161 798 1201 sit,
826 1160 902 1207 quin
930 1159 1104 1193 Fumarm
1132 1160 1243 1193 media
1271 1158 1361 1194 Lois.
1390 1159 1488 1206 longe
1516 1159 1576 1193 alia
1601 1160 1639 1193 sit
1666 1159 1784 1206 planta,
1810 1172 1848 1193 ac
1879 1158 1960 1193 haec
1990 1161 2148 1200 varietas,
2184 1172 2269 1207 quae

662 1226 779 1267 postea
808 1232 825 1253 a
852 1217 1037 1252 Candolleo
1067 1224 1098 1252 et
1126 1219 1195 1253 aliis
1221 1219 1413 1253 auctoribus
1446 1219 1609 1252 botanicis
1649 1231 1826 1265 perperam
1855 1231 1928 1252 011111
1959 1219 2134 1253 Fumaria
2161 1219 2270 1253 media

662 1278 754 1313 Lois.
779 1284 828 1313 est
857 1277 1004 1312 conl'usa.
1059 1276 1095 1311 In
1124 1277 1277 1312 herbario
1308 1276 1536 1312 Candolleano
1565 1279 1697 1312 nomine
1724 1277 1917 1312 anariae
1943 1279 2072 1312 mediae
2105 1277 2270 1325 appellata

663 1338 756 1372 adest
784 1343 816 1371 et
846 1336 928 1371 haec
956 1337 1096 1371 varietas
1124 1342 1157 1371 et
1183 1336 1357 1371 Fumaria
1385 1341 1536 1382 agraria
1564 1335 1648 1384 Lag.
1669 1358 1712 1362 —
1731 1335 1834 1374 Quod
1859 1343 1967 1370 autem
1995 1337 2072 1371 dicit
2098 1335 2271 1372 Parlatore

662 1396 784 1431 ibidem
814 1397 909 1431 etiam
937 1397 1072 1430 inveniri
1100 1395 1309 1430 Rimariam
1337 1395 1584 1435 mim-antharit,
1611 1397 1743 1430 nomine
1768 1396 1959 1430 Fumariae
1986 1397 2114 1430 mediae
2140 1394 2166 1436 β
2186 1409 2272 1444 pre-

663 1455 798 1490 liensilis
827 1455 1041 1503 appellatam,
1077 1455 1140 1489 hoc
1175 1455 1251 1489 1111111
1289 1457 1465 1503 permirum
1491 1455 1628 1489 videtur.
1683 1455 1861 1490 Fumaria
1892 1456 2089 1502 officinalis
2116 1468 2136 1498 Ὺ
2163 1460 2273 1489 minor

664 1521 715 1549 est
742 1514 858 1549 eadem
887 1527 925 1548 ac
953 1514 1126 1548 Fumarm
1159 1514 1366 1562 Gasjmrinii
1399 1513 1556 1561 Babingt.
1586 1515 1603 1548 1.
1634 1528 1676 1555 0.,
1712 1516 1737 1549 51
1765 1514 1864 1555 haec,
1894 1514 1925 1548 id
1959 1514 2049 1562 quod
2078 1513 2128 1549 Cl.
2157 1513 2272 1548 Parla-

666 1581 748 1615 tore,
774 1573 1019 1620 exemplaribus
1046 1587 1063 1607 a
1088 1572 1265 1621 Gasparini
1294 1575 1442 1621 acceptis
1466 1575 1557 1608 nisus
1591 1574 1778 1615 confirmat,
1803 1574 1843 1608 ad
1872 1574 2081 1609 Fumarium
2109 1574 2272 1621 cfficimz-

666 1633 728 1667 lem
757 1634 907 1680 pertinet.
957 1630 1169 1679 Exemplaria
1197 1634 1338 1679 genuina
1364 1633 1557 1668 Fumariae
1582 1633 1791 1681 Gasparinii
1820 1646 1884 1667 non
1914 1632 1989 1666 vidi.
2040 1632 2071 1667 E
2100 1632 2273 1667 Remuria

666 1692 841 1740 officinali
872 1687 893 1724 δ
917 1689 1115 1736 floribunda
1139 1697 1171 1725 et
1195 1691 1370 1726 Fumaria
1387 1694 1588 1740 parviflorcz
1616 1693 1766 1726 consistit
1796 1690 1969 1727 Candollei
1996 1692 2170 1727 Ficmaria
2194 1693 2274 1727 den-

667 1753 787 1798 siflora
819 1764 859 1785 ex
887 1751 1046 1785 sententia
1074 1749 1258 1784 Parlatorii.
1313 1750 1377 1786 Cui
1404 1751 1537 1799 quidem
1566 1752 1746 1786 sententiae
1783 1757 1947 1798 repugnat
1988 1751 2167 1799 descriptio
2207 1752 2272 1798 pri‘

669 1823 740 1852 nia,
783 1823 879 1857 quam
929 1808 1132 1843 Candolleus
1171 1810 1363 1845 anariae
1401 1811 1604 1857 (lensgflorae
1642 1812 1672 1845 in
1716 1809 1880 1858 Catalogo
1923 1810 2006 1845 horti
2052 1811 2275 1858 monspelien-

668 1870 712 1904 sis
737 1883 770 1916 p.
805 1868 873 1902 113
895 1868 1032 1916 reliquit,
1056 1870 1086 1903 in
1116 1872 1182 1916 (juo
1211 1869 1294 1903 haec
1320 1871 1528 1904 inveniuntur
1554 1871 1672 1905 verba:
1713 1870 1907 1904 »Finnm‘icz
1935 1870 2088 1917 capsulis
2120 1867 2274 1915 globosis,

670 1933 813 1963 racemis
842 1928 1086 1976 opposiiifoliis
1114 1928 1232 1968 densis,
1260 1929 1356 1963 caule
1381 1938 1496 1970 erecto,
1514 1930 1621 1976 foliis
1636 1929 1829 1976 multifidis,
1858 1927 1938 1963 lobis
1964 1927 2152 1963 linearibus
2180 1943 2275 1963 cras-

670 1987 836 2022 sinsculis.
889 1986 933 2021 In
960 1992 1059 2032 agris
1085 1992 1179 2021 circa
1212 1987 1364 2022 Telonem
1403 1989 1533 2023 detexit
1563 1988 1612 2024 Cl.
1647 1988 1733 2024 Ziz:
1762 1993 1893 2022 omnino
1923 1996 1972 2023 est
2000 1988 2174 2023 Remuria
2204 1992 2275 2036 spi-

670 2054 750 2081 cata
776 2046 890 2094 quoad
915 2044 1068 2080 habitum
1096 2054 1130 2080 et
1143 2047 1412 2092 *florescenlimm
1441 2048 1504 2081 sed
1526 2048 1679 2095 capsulis
1712 2046 1857 2093 globosis
1891 2061 1950 2082 nec
1980 2051 2276 2096 compressis-simis

670 2107 869 2140 distincta«.
923 2103 1019 2139 Haec
1047 2105 1227 2152 descriptio
1253 2107 1385 2140 omnino
1425 2107 1455 2140 in
1498 2107 1706 2141 Rimul-iam
1742 2107 1972 2142 micrmttltam
2001 2107 2148 2154 quadrat,
2179 2119 2276 2154 quam

672 2166 819 2212 speciem
850 2163 901 2198 Cl.
924 2162 1026 2198 Koch
1052 2177 1089 2199 se
1118 2177 1135 2198 a
1167 2163 1226 2198 Ziz
1253 2167 1427 2213 accepisse
1455 2178 1595 2213 eamque
1622 2179 1698 2201 esse
1726 2166 1876 2207 eandem,
1905 2179 2002 2213 quam
2028 2165 2080 2200 hic
2101 2165 2277 2212 descripsit

674 2223 888 2265 Candolleus,
917 2224 948 2258 in
978 2222 1081 2258 Flora
1122 2223 1217 2258 1846
1250 2230 1397 2259 testatur.
1460 2224 1640 2260 Praeterea
1671 2224 1721 2260 Cl.
1750 2224 1905 2260 Boissier
1939 2226 1969 2260 in
2004 2225 2165 2272 »Voyage
2191 2225 2277 2258 (lans

672 2283 882 2331 l⁷Espag71ffl<
922 2281 1019 2317 Tom.
1051 2281 1084 2317 II
1118 2296 1150 2330 p.
1187 2283 1258 2319 796
1293 2290 1447 2318 testatur:
1494 2284 1568 2318 »La
1600 2285 1774 2319 Ratiaria
1809 2286 1994 2331 clensgssflora
2033 2285 2073 2318 de
2105 2281 2278 2318 l'lierbiere

673 2343 712 2375 tle
741 2341 946 2376 Deomnlolle
971 2356 1004 2375 se
1032 2355 1183 2390 composa>
1206 2343 1245 2376 (le
1277 2344 1365 2377 deux
1393 2343 1630 2385 echaritillows,
1658 2345 1738 2379 dont
1762 2344 1850 2384 l'mz,
1879 2349 1936 2391 qui
1971 2351 2022 2378 est
2053 2342 2138 2377 celmss
2168 2342 2279 2377 (le'crit

666 2415 742 2448 par
766 2401 914 2435 [autem-
940 2407 1146 2449 appartient
1177 2400 1249 2435 bien
1283 2415 1330 2436 alc
1364 2402 1538 2437 Fumaria
1572 2403 1783 2444 micranllia,
1817 2411 1851 2438 et
1877 2404 1959 2437 dont
1984 2402 2109 2436 l'mttre
2135 2409 2187 2436 est
2214 2414 2278 2435 mle

676 2461 809 2493 evm-ie'te'
830 2460 875 2492 (lic
901 2459 1075 2493 Fumaria
1102 2460 1294 2506 officinalis
1319 2481 1364 2486 —
1393 2481 1438 2485 —
1467 2481 1511 2486 —
1541 2470 1621 2496 eta«
1677 2461 1741 2496 His
1781 2462 1934 2496 omnibus
1969 2461 2071 2495 allatis
2105 2460 2181 2494 mihi
2217 2473 2276 2508 pa-

676 2523 721 2551 tet
761 2516 933 2551 Candollei
974 2517 1181 2552 Remmiam
1217 2519 1436 2564 densgfloram
1472 2520 1514 2553 ab
1546 2521 1672 2566 origine
1702 2520 1840 2554 eandem
1878 2520 1993 2559 fuisse,
2022 2532 2118 2567 quam
2146 2519 2277 2554 Fuma-

678 2580 766 2609 riam
798 2575 1027 2609 micrantham
1056 2575 1156 2623 Lag„
1186 2576 1405 2611 Candolleum
1433 2583 1538 2611 autem
1566 2579 1595 2612 in
1625 2579 1783 2625 operibus
1811 2579 1878 2613 suis
1892 2579 2141 2619 recentioribus,
2169 2584 2277 2627 syste-

678 2640 763 2669 mate
790 2632 908 2669 Natur.
937 2640 969 2669 et
995 2633 1203 2676 Prodromo,
1238 2636 1322 2671 hanc
1362 2649 1452 2671 suam
1490 2636 1576 2672 benc
1606 2637 1789 2672 distinctam
1817 2637 2025 2672 Fumarium
2052 2637 2277 2683 densifloram
