2435 3188
727 261 786 302 80

817 367 1158 404 ἏΤΑιεΚΕΝΑΕΒΙυε
1176 366 1268 409 dicit,
1294 379 1430 403 marem
1459 367 1565 416 hujus
1593 366 1729 416 speciei
1757 365 1889 404 femina
1916 367 2027 403 multo
2056 380 2138 403 esse
2165 367 2280 404 mino-

668 437 745 461 rem
772 430 807 462 et
834 426 960 462 colore
999 427 1083 462 satis
1120 425 1271 474 pulchro
1305 430 1479 462 ornatum.
1543 427 1669 463 Talem
1706 438 1794 461 vero
1821 425 1956 461 nullum
1986 426 2116 462 inveni.
2169 426 2281 475 Apud

667 495 735 520 nos
763 496 839 520 mas
865 485 1146 534 magnitudinem
1177 484 1331 520 feminae
1359 484 1435 520 fere
1460 490 1606 534 aequat:
1634 484 1842 532 exemplum
1872 485 2070 520 masculum
2095 485 2279 534 possideo,

668 544 772 590 cujus
799 542 1083 592 cephalothorax
1117 544 1139 578 5
1173 543 1304 579 minim.
1336 543 1466 592 longus
1496 548 1567 585 est,
1606 542 1760 591 pedibus
1802 542 1906 591 primi
1942 542 2037 591 paris
2066 544 2114 578 25
2147 543 2278 579 millim.

667 601 794 652 longis.
848 602 1007 638 Maxima
1032 601 1245 637 feminarum
1271 601 1306 637 in
1335 601 1503 638 thesauro
1530 614 1613 637 meo
1642 604 1906 637 asservatarum
1943 601 2280 650 cephalothoracein

667 660 729 696 vix
755 661 844 697 ultra
870 662 938 711 4³4
969 660 1101 696 millim.
1127 660 1274 706 longum
1303 659 1421 702 habet,
1451 660 1565 709 pedes
1603 664 1722 698 autem
1757 659 1861 708 primi
1900 659 1994 707 paris
2031 660 2113 696 mill.
2144 665 2278 696 tantum

669 721 723 756 17.
753 742 798 747 -—
829 719 943 756 Color
967 719 1003 755 in
1029 718 1206 760 omnibus,
1235 731 1328 768 quae
1354 719 1435 761 vidi,
1463 718 1642 767 exemplis
1670 718 1858 760 obscurus,
1901 718 2022 754 fuscus
2056 719 2113 754 vel
2144 719 2277 767 piceus,

667 778 804 827 pictura
831 778 1028 814 cineracea.
1058 801 1106 806 —
1134 777 1229 814 Huic
1257 777 1409 817 sortasse
1444 777 1670 826 suineienda
1701 781 1756 812 est
1789 778 1932 813 Αναηεα
1960 783 2126 827 impressa
2152 777 2277 814 Fabr.

667 838 745 874 Eut.
776 837 870 886 Syst.
898 837 940 873 ΙΙ.
968 849 1002 886 p.
1032 836 1115 873 413.

894 956 953 1006 Sp.
982 956 1014 993 6.
1069 954 1432 993 PYRAMIDATUS.
1460 968 1493 1007 p.
1524 956 1581 991 34.
1610 955 1660 991 Pl.
1691 956 1720 990 1.
1750 954 1818 993 tab.
1849 956 1881 993 S.

747 1045 809 1078 Syn.
834 1045 967 1072 Aranea
990 1044 1136 1072 scalaris
1160 1045 1236 1071 Fabr.
1262 1045 1323 1072 Eut.
1347 1045 1418 1081 Syst.
1443 1044 1479 1072 II.
1503 1054 1527 1081 p.
1552 1047 1617 1072 419.

835 1093 960 1130 Epeira
1045 1104 1057 1117 τι
1165 1095 1259 1121 Walclc.
1284 1094 1338 1121 Ins.
1363 1095 1428 1130 Apt.
1452 1094 1488 1125 II.
1513 1103 1536 1131 p.
1562 1096 1607 1123 47.

1161 1145 1242 1170 Halm.
1266 1143 1317 1170 Die
1341 1143 1459 1170 Arachn.
1482 1143 1518 1172 II.
1542 1152 1566 1179 p.
1593 1146 1637 1170 27.
1660 1142 1704 1176 fig.
1732 1145 1794 1171 114.

989 1192 1211 1230 pyramidata
1233 1192 1314 1219 Sund.
1339 1193 1398 1219 Act.
1424 1192 1517 1219 Holm.
1543 1194 1626 1219 1832.
1648 1202 1672 1229 p.
1699 1195 1762 1219 24⁸2.

1104 1251 1117 1267 α
1231 1242 1309 1269 Koch.
1332 1241 1383 1268 Die
1405 1241 1522 1270 Arachn.
1547 1241 1595 1270 XI.
1618 1250 1642 1278 p.
1670 1244 1733 1269 107.
1756 1241 1800 1277 fig.
1826 1244 1891 1268 912.

1237 1292 1328 1318 Westr.
1352 1291 1413 1317 Act.
1437 1290 1556 1317 Gothob.
1583 1293 1665 1318 1851.
1689 1300 1714 1328 p.
1738 1294 1783 1318 34.

1118 1350 1284 1400 [EPEmA
1310 1362 1333 1399 p
1342 1362 1368 1399 y
1377 1362 1421 1385 ra
1430 1362 1463 1385 m
1477 1349 1518 1386 id
1528 1363 1546 1386 a
1556 1354 1567 1386 t
1576 1363 1596 1386 a
1622 1350 1824 1402 (Clerckj]

816 1460 1045 1498 Nobilissima
1079 1461 1219 1510 species
1254 1465 1289 1497 et
1318 1474 1411 1511 quae
1448 1474 1529 1497 cum
1568 1461 1663 1498 nulla
1695 1461 1762 1497 alia
1796 1461 1967 1497 confundi
2002 1465 2129 1510 potest.
2181 1462 2275 1498 Huic

665 1524 783 1556 tamen
810 1520 965 1568 subjecit
988 1520 1327 1557 WALCKENAERIUS
1359 1521 1423 1557 Ar.
1451 1523 1628 1557 ocellatum
1663 1520 1853 1563 Clerck.,
1896 1520 1996 1569 quod
2029 1521 2126 1557 nullo
2161 1521 2273 1557 modo

665 1583 762 1615 recte
790 1584 859 1622 est;
883 1581 927 1616 ad
953 1581 1022 1629 Ep.
1049 1581 1246 1629 apoclc'sanz,
1275 1592 1382 1628 quam
1411 1584 1525 1622 vocat,
1554 1592 1637 1615 eum
1665 1579 1802 1617 referre
1830 1579 2013 1616 debuerat.

895 1708 954 1757 Sp.
982 1707 1014 1746 7.
1067 1707 1363 1745 OCELLATUS.
1392 1721 1424 1760 p.
1453 1708 1510 1745 36.
1541 1708 1590 1744 Pl.
1620 1710 1649 1744 1.
1676 1707 1746 1744 tab.
1772 1709 1804 1744 9.

813 1793 903 1831 Cum
931 1793 1054 1842 specie
1078 1793 1280 1846 insequenti
1307 1796 1430 1843 (quani
1459 1793 1560 1843 vide)
1586 1793 1739 1831 varietas
1757 1793 1862 1830 unius
1877 1793 2116 1843 ejusdemque
2130 1793 2274 1843 speciei.

664 1853 869 1901 Perperam,
899 1857 935 1888 ut
955 1854 1031 1901 jam
1057 1865 1165 1902 supra
1193 1852 1277 1895 dixi,
1310 1866 1331 1889 a
1358 1853 1677 1890 WALCKENAERIO
1704 1865 1756 1901 sp.
1783 1852 1893 1901 priori
1920 1852 2156 1902 subjungitur.

893 1982 952 2032 Sp.
982 1983 1014 2018 8.
1068 1980 1398 2017 PATAGIATUS.
1428 1993 1460 2030 p.
1490 1982 1547 2017 38.
1577 1981 1628 2017 Pl.
1660 1985 1689 2018 1.
1715 1981 1784 2021 tab.
1816 1983 1869 2018 10.

746 2072 807 2104 Syn.
831 2071 988 2098 Araneus
1011 2070 1184 2098 ocellatus
1207 2071 1299 2097 Clerck.
1322 2078 1348 2106 p.
1372 2072 1417 2097 36.
1441 2069 1481 2096 Pl.
1509 2072 1530 2097 1.
1554 2070 1608 2098 tab.
1633 2074 1657 2098 9.

832 2120 957 2158 Epeira
979 2120 1135 2158 apoclisa
1159 2123 1222 2151 (var.
1246 2119 1355 2150 B—G).
1383 2121 1477 2147 Walck.
1502 2119 1556 2146 Ins.
1581 2121 1645 2156 Apt.
1668 2121 1705 2148 II.
1728 2130 1753 2158 p.
1777 2123 1822 2148 61.

1157 2168 1199 2199 (ad
1222 2170 1337 2205 partem,
1360 2168 1456 2196 saltem
1480 2168 1497 2195 b
1520 2172 1546 2195 et
1569 2173 1594 2202 c)
1614 2170 1695 2197 saud.
1717 2171 1777 2198 Act.
1802 2169 1894 2197 Holm.
1923 2172 2004 2197 1832.
2027 2178 2052 2206 p.
2075 2171 2142 2197 243.

977 2217 1193 2246 dumetorum
1218 2219 1300 2247 Halm,
1325 2217 1375 2244 Die
1398 2218 1515 2246 Arachn.
1539 2219 1577 2246 II.
1600 2228 1625 2256 p.
1650 2222 1694 2246 31.
1717 2219 1761 2255 fig.
1790 2222 1853 2246 117.

976 2267 1158 2305 patagiata
1216 2268 1294 2297 Koch.
1318 2266 1382 2294 ibid.
1406 2266 1455 2294 XI.
1478 2277 1502 2305 p.
1529 2271 1593 2295 115.
1616 2268 1680 2304 figg.
1705 2270 1872 2296 916—919.

1219 2318 1312 2343 Westr.
1334 2318 1394 2343 Act.
1418 2316 1537 2344 Gothob.
1565 2320 1649 2346 1851.
1673 2326 1698 2354 p.
1723 2319 1769 2344 34.

1145 2372 1313 2421 [Eunu
1339 2371 1562 2421 patagiata
1588 2370 1791 2422 (Clerck.)]

809 2489 975 2525 Formam
994 2490 1230 2538 principalem
1253 2486 1361 2535 hujus
1388 2492 1423 2523 et
1450 2487 1649 2536 superioris
1674 2487 1867 2540 (ocellati),
1896 2501 1989 2539 quae
2015 2490 2124 2528 ambo
2155 2491 2270 2528 varie-

662 2552 752 2584 tates
778 2547 944 2596 ejusdem
971 2551 1052 2583 sunt
1078 2546 1222 2596 speciei,
1249 2546 1463 2583 CLEchius
1489 2559 1563 2582 non
1591 2547 1771 2597 cognovit,
1800 2560 1910 2597 quare
1935 2561 2059 2597 parum
2094 2549 2270 2586 interesse

653 2606 774 2643 ,videri
800 2606 922 2657 possit,
949 2618 998 2642 ex
1036 2605 1180 2642 duobus
1221 2604 1427 2641 nominibus
1465 2605 1685 2643 Clerckianis
1725 2611 1842 2643 utrum
1880 2607 2015 2656 speciei
2053 2608 2266 2658 imponatur.
