2435 3188
727 252 808 292 276

1131 402 1173 443 6.
1235 404 1423 442 Ριυηηνὶα
1455 406 1657 443 rostellala
1698 404 1811 444 Rnaf.

822 502 864 538 F.
890 501 1061 537 fructibus
1094 499 1325 536 subrotundis
1359 504 1395 536 et
1428 500 1586 536 breviter
1618 500 1799 548 apiculatis
1831 500 2270 551 tuberculato-rugulosis‚

677 560 798 608 petalis
826 559 1066 596 exterioribus
1094 559 1194 606 apice
1221 558 1389 600 rostratis,
1426 559 1555 607 sepalis
1594 559 1755 595 ovalibus
1792 559 1942 596 dentatis
1969 561 2185 596 mucronatis
2210 573 2272 597 co-

676 619 764 654 rolla
801 618 945 654 dimidia
987 617 1213 653 brevioribus
1251 619 1402 666 ejusque
1437 618 1524 653 tubo
1561 618 1756 659 latioribus,
1793 617 1947 654 bracteis
1985 619 2162 667 pedicello
2201 619 2273 655 fru-

679 677 802 713 ctifero
850 681 1145 724 erecto-patente
1190 675 1437 717 brevioribus,
1484 677 1652 712 foliorum
1700 676 1834 712 laciniis
1878 677 2274 727 oblongo-lanceolatis

678 736 798 785 planis.

679 833 851 867 Famam
878 829 1052 865 rostellum
1080 827 1185 863 Knaf.
1214 834 1250 863 in
1279 829 1388 864 Flora
1416 834 1493 865 1846
1514 843 1553 878 p.
1585 834 1648 865 290
1675 843 1715 863 ex
1743 829 1880 878 exempl.
1909 834 1943 864 in
1969 828 2058 864 herb.
2086 829 2198 864 Fries.

679 919 767 953 Icon.
797 915 911 951 Nostr.
939 913 1007 949 tab.
1036 913 1078 949 II.

680 1009 828 1046 Habitat
854 1007 889 1043 in
916 1006 1016 1042 cultis
1043 1006 1138 1055 apud
1165 1005 1293 1042 Petsch
1326 1019 1439 1055 prope
1476 1007 1688 1041 Commotau
1725 1009 1759 1040 et
1792 1005 1837 1040 ad
1869 1004 2003 1041 Melnik
2036 1005 2071 1041 in
2103 1004 2277 1042 Bohemia

755 1068 884 1118 (ngf
905 1067 924 1101 l.
954 1066 1001 1115 c.)
1028 1065 1218 1114 multisque
1245 1065 1319 1100 aliis
1350 1065 1454 1105 locis;
1481 1065 1515 1100 in
1544 1065 1707 1100 Rumelia
1734 1069 1793 1115 (ex
1819 1064 1908 1100 herb.
1934 1066 2092 1116 Hewffel)
2114 1075 2276 1100 necnon

755 1125 969 1163 Germaniae
994 1124 1039 1160 ad
1066 1124 1193 1160 Halam
1219 1123 1405 1159 Saxonum
1433 1124 1615 1174 (Garcke).

826 1220 945 1254 Radix
972 1232 1085 1259 annua,
1112 1218 1251 1265 gracilis.
1308 1217 1426 1254 Caldis
1454 1225 1584 1254 erectus
1606 1218 1657 1253 vel
1686 1219 1912 1266 procumbens
1942 1223 1974 1253 et
2002 1217 2147 1259 diffusus,
2169 1230 2278 1252 ramo-

682 1295 747 1321 sus,
773 1280 953 1328 angulatus,
979 1278 1119 1325 gracilis.
1171 1277 1272 1312 Folia
1297 1291 1337 1312 ex
1362 1278 1492 1325 petiolis
1517 1279 1653 1325 trigonis
1682 1278 1941 1325 bipinnatisecta.
1966 1277 2086 1312 laciniis
2108 1277 2279 1324 oblongis-

682 1340 886 1379 lanceolatis,
911 1339 1012 1372 acutis
1038 1337 1089 1371 vel
1120 1337 1248 1371 obtusis
1277 1350 1351 1371 cum
1379 1350 1552 1378 mucrone,
1593 1337 1713 1384 planis,
1748 1336 1917 1377 tenuibus3
1952 1336 2066 1384 petioli
2096 1335 2279 1370 secundarii

683 1399 763 1433 recti
791 1398 842 1433 vel
869 1396 1006 1432 flexuosi
1032 1396 1085 1430 vel
1119 1395 1465 1431 cirrhoso-convoluti.
1530 1396 1671 1430 Racemz]
1702 1395 1934 1443 oppositifolii‚
1973 1395 2118 1430 breviter
2149 1394 2280 1442 pedun-

683 1458 794 1498 culati,
819 1455 950 1491 floriferi
985 1455 1092 1496 (lensi,
1125 1454 1304 1495 multiflori,
1337 1454 1490 1489 fructiferi
1525 1455 1678 1502 elongati,
1716 1455 1898 1496 laxiusculi‘,
1937 1454 2089 1502 pedicelli
2126 1452 2280 1488 fructiferi

685 1518 821 1557 breves,
847 1519 1138 1562 erecto-patentes.
1195 1514 1364 1548 Bracteae
1390 1514 1534 1556 albidae,
1566 1527 1669 1549 nervo
1697 1513 1790 1548 viridi
1815 1515 2008 1555 instructae,
2040 1514 2135 1561 apice
2162 1525 2280 1548 roseae

684 1583 717 1612 et
739 1575 963 1614 denticulatae,
991 1573 1297 1620 lineari-oblongae,
1323 1574 1534 1615 acuminatae,
1560 1573 1732 1621 pedicellis
1762 1572 1933 1607 fructiferis
1961 1572 2142 1607 breviores.
2193 1571 2282 1607 Flo-

686 1650 738 1669 res
764 1635 872 1682 parvi,
899 1633 1043 1679 angusti,
1071 1633 1175 1672 rosei,
1202 1634 1296 1679 apice
1324 1633 1564 1680 atrol‘iurpurei.
1625 1632 1753 1679 Sepala
1780 1644 1915 1679 magna,
1946 1644 2059 1672 rosea,
2089 1643 2191 1665 nervo
2218 1631 2280 1665 ob-

685 1696 830 1729 scuriore
857 1694 1020 1731 instructa,
1049 1691 1168 1731 ovalia,
1194 1697 1330 1738 repente
1359 1692 1503 1726 breviter
1532 1692 1728 1731 acuminata,
1756 1690 1967 1730 denticulata,
2001 1689 2124 1724 corolla
2149 1689 2280 1724 dimidia

687 1756 836 1789 breviora
863 1753 1001 1798 ejusque
1029 1750 1108 1785 tubo
1136 1749 1236 1783 multo
1262 1750 1383 1784 latiora.
1446 1750 1608 1785 Petalum
1636 1754 1793 1798 superius
1826 1762 1899 1783 cum
1927 1749 2044 1783 calcari
2083 1748 2280 1783 suborbicu-

686 1813 741 1847 lari
768 1824 910 1851 roseum,
938 1810 1032 1856 apice
1059 1814 1153 1843 acute
1183 1814 1515 1843 recurvo-rostratam
1543 1815 1576 1844 et
1611 1822 1754 1856 superne
1792 1809 1896 1855 gibbo
1939 1806 2123 1841 atro-viridi
2161 1808 2280 1843 instru-

686 1878 782 1913 ctum,
809 1883 906 1918 quem
929 1869 1062 1915 cingunt
1094 1869 1258 1914 margines
1285 1867 1442 1908 reflexae,
1470 1874 1609 1902 rostrum
1653 1881 1718 1902 non
1758 1868 1964 1914 attingentes,
1991 1872 2277 1913 atro-purpureae.

687 1931 845 1966 petalum
873 1928 1022 1975 ‘Miserius
1047 1927 1176 1967 lineare⁷
1201 1926 1520 1967 subcanaliculatum‚
1549 1928 1643 1974 apice
1673 1932 1767 1961 acute
1796 1931 2132 1960 recurvo-rostratam
2171 1931 2203 1960 et
2233 1927 2281 1960 in-

686 1991 775 2025 ferne
804 1988 907 2036 gibbo
935 1985 1117 2021 atro-viridi
1143 1986 1344 2025 instructum,
1374 1985 1427 2031 qui
1453 1986 1616 2032 margines
1641 1985 1741 2021 habet
1771 1985 1911 2033 patulos,
1940 1990 2081 2018 rostrum
2102 1996 2166 2018 non
2188 1985 2281 2019 attin-

686 2055 821 2098 gentes,
858 2051 999 2082 saturate
1041 2057 1238 2092 purpureos.
1302 2043 1429 2079 Petala
1468 2049 1632 2079 interiora
1674 2057 1786 2085 rosea,
1828 2045 1922 2091 apice
1962 2049 2216 2090 atro-purpurea
2249 2050 2281 2079 et

687 2106 959 2156 longitudinaliter
986 2104 1171 2151 tri-plicata,
1200 2116 1217 2137 a
1245 2102 1354 2137 medio
1383 2102 1423 2136 ad
1451 2103 1579 2150 apicem
1607 2117 1735 2138 sursum
1758 2109 1900 2144 curvata,
1927 2107 2075 2149 angusta.
2127 2101 2282 2137 Fructus

687 2165 919 2205 subrotundus‚
946 2170 1132 2198 transverse
1160 2161 1227 2196 fere
1255 2162 1356 2203 latior,
1384 2162 1522 2196 obtusus
1549 2168 1581 2197 et
1607 2163 1752 2197 breviter
1778 2160 1971 2210 apiculatus‚
1998 2161 2281 2208 compressiuscu—

686 2229 735 2262 lus
762 2232 795 2262 et
817 2225 931 2260 leviter
957 2222 1191 2262 subcarinatus‚
1215 2220 1626 2268 tuberculato-rugulosus,
1652 2223 1747 2269 apice
1773 2220 2001 2262 bifoveolatus,
2024 2219 2094 2254 basi
2117 2219 2281 2267 pedicello

687 2288 866 2321 incrassato
897 2282 1074 2330 angustior.

837 2376 920 2411 Icon
946 2382 979 2409 et
1002 2374 1182 2421 descriptio
1210 2373 1391 2407 secundum
1417 2372 1592 2421 exemplar
1618 2386 1641 2407 a
1667 2371 1831 2407 Bohemia
1857 2377 1892 2406 in
1922 2370 2009 2406 herb.
2037 2370 2147 2406 Fries.

834 2468 920 2503 Obs.
949 2467 974 2503 Ι.
1025 2467 1122 2502 Haec
1159 2468 1290 2514 species
1326 2465 1544 2514 pulcherrima
1583 2466 1775 2501 Fumariae
1807 2465 2019 2500 micrantbae
2049 2466 2198 2512 proxima
2233 2470 2283 2500 est

690 2536 743 2565 aut
769 2542 842 2563 cum
869 2528 930 2562 hac
954 2526 1108 2572 analoga·⁷
1145 2538 1186 2559 ex
1223 2524 1466 2571 exemplaribus
1497 2524 1594 2558 siccis
1634 2524 1718 2558 hanc
1759 2526 1983 2572 quaestionem
2024 2523 2180 2559 decidere
2215 2536 2281 2558 non

694 2588 810 2623 audeo.
868 2584 926 2621 Ad
956 2585 1136 2620 sectionem
1173 2583 1363 2619 Fumariae
1400 2582 1615 2630 capreolatae
1652 2595 1761 2630 prope
1798 2583 1927 2618 accedit
1968 2583 2090 2618 corolla
2131 2587 2284 2630 angusta,

2413 1389 2420 1505 gae-e-
2415 1245 2422 1373 ,.-„..,-.-
2419 1222 2422 1226 .
2418 1137 2422 1204 ..eg
2419 1072 2422 1115 -,-
2420 1050 2422 1059 ἡ
2420 1003 2422 1028 φ,
2420 985 2421 990 Α
2420 952 2422 956 ,
2420 933 2422 939 .
2420 875 2422 883 s
