2435 3188
667 250 748 293 158

773 358 895 396 Epeira
918 358 1030 386 celata
1054 359 1163 384 Blackw.
1187 356 1266 384 Linn.
1288 356 1383 384 Trans.
1407 355 1515 383 XVIII.
1539 356 1566 383 P.
1589 355 1638 382 IV.
1661 365 1685 392 p.
1711 358 1775 382 668.

1091 409 1123 433 id.
1188 406 1260 434 Anu.
1284 406 1348 433 Nat.
1371 405 1443 433 Hist.
1467 405 1522 432 Ser.
1546 408 1570 432 2.
1594 404 1627 432 X.
1649 414 1673 442 p.
1700 407 1763 431 187.

922 457 1018 484 fusca
1045 457 1135 483 Weslr.
1158 456 1219 482 Act.
1242 455 1362 482 Gothoh.
1389 457 1473 482 1551.
1496 463 1520 490 p.
1546 456 1590 481 34.

1129 509 1264 560 [ΜΕΤΑ
1289 508 1419 545 fusca
1442 508 1524 559 (De
1555 507 1697 559 Geerj]

758 624 815 660 De
840 622 907 658 hac
934 633 1064 657 aranea
1097 619 1262 668 plerique
1294 631 1483 667 perperam
1513 618 1783 666 judicaverunt,
1819 617 1889 665 Ep.
1924 616 2079 651 menardi
2108 614 2222 650 Latr.

613 696 693 720 eam
725 682 967 730 subjicientes,
1020 680 1085 715 Est
1112 678 1206 714 enim
1235 690 1274 712 re
1308 689 1394 712 vera
1429 677 1575 718 eadem,
1611 688 1703 725 quae
1735 677 1834 711 Asela
1866 681 2038 710 memmae
2064 671 2220 714 Koch„

613 747 651 779 ut
674 742 830 778 WEsTR.
853 742 927 787 jam
950 736 1151 787 perspexit,
1177 736 1212 771 in
1236 747 1341 784 qnam
1360 734 1488 770 melius
1510 739 1606 770 certe
1629 733 1779 783 quadrat
1797 732 1988 781 descriptio
2006 732 2065 768 DE
2084 734 2219 773 Gmm,

614 815 672 838 ex.
701 813 770 851 gn:
800 800 874 835 «La
900 796 1042 833 femelle
1071 800 1124 831 est
1151 794 1266 830 brune
1292 799 1327 829 et
1351 793 1518 835 obscure,
1546 797 1656 842 ayant
1680 805 1742 828 sur
1767 791 1800 827 le
1829 791 1985 827 corcelet
2011 803 2079 827 une
2101 790 2220 826 bande

614 858 869 909 longitudinale
898 862 933 892 et
960 858 1015 891 des
1045 861 1148 891 trails
1177 863 1428 890 transversmeae
1454 855 1493 887 de
1517 853 1653 887 couleur
1682 857 1774 886 noire
1799 860 1833 887 et
1858 852 2039 886 lassante.»
2071 873 2115 877 ——
2148 850 2222 885 «Le

616 924 740 956 ventre
769 941 814 945 -—
846 939 889 944 -
918 937 963 943 ——
997 918 1050 950 est
1076 912 1242 962 parseme
1270 911 1351 947 d'un
1387 911 1499 961 grand
1528 911 1680 947 nombre
1709 910 1755 945 de
1782 908 1904 945 taches
1929 914 1964 945 et
1991 908 2036 944 de
2065 921 2223 945 nuances

618 979 739 1015 noires
767 977 910 1012 velum.»
939 978 1005 1009 cet.
1033 996 1080 1000 ——
1104 973 1202 1007 Meta
1230 972 1385 1006 meum-det
1412 971 1558 1020 (Latr.)
1585 969 1680 1019 apud
1703 982 1770 1006 nos
1793 981 1873 1004 rara
1895 968 2036 1004 videtur
2054 980 2149 1004 esse:
2177 968 2223 1004 ad

616 1035 825 1074 Bokedalen
858 1034 893 1069 in
923 1030 1194 1079 Westrogothia
1233 1033 1321 1078 (non
1356 1029 1482 1078 procul
1517 1042 1536 1065 a
1566 1028 1827 1077 Gothoburgo)
1857 1027 2026 1076 exempla
2055 1027 2224 1063 nonnulla

618 1095 751 1137 inveni,
780 1093 846 1131 sed
875 1097 1061 1141 praeterea
1087 1102 1263 1139 nusquam
1291 1089 1381 1124 intra
1417 1088 1568 1124 Sueciae
1602 1088 1708 1129 fmes,
1740 1091 1910 1137 quantum
1943 1087 2036 1128 scio,
2064 1086 2140 1122 visa
2166 1090 2227 1122 est.

618 1157 716 1192 Aleta
742 1166 830 1190 vero
846 1154 962 1200 fusca
997 1150 1077 1197 (De
1107 1150 1254 1198 Geer.)
1282 1148 1399 1184 multis
1423 1147 1529 1189 locis,
1559 1146 1789 1195 Gothoburgi
1815 1145 2043 1194 praesertim,
2071 1144 2227 1194 vulgaris

618 1219 686 1255 est;
716 1213 928 1263 plerumque
955 1209 989 1245 in
1023 1209 1118 1244 cavis
1142 1207 1329 1249 invenitur,
1357 1207 1422 1243 sed
1449 1218 1719 1255 nonnumquam
1749 1205 1853 1241 etiam
1882 1209 1985 1240 extra
2010 1204 2155 1244 domos,
2191 1208 2228 1239 ut

618 1273 702 1310 dicit
728 1273 859 1312 SUND.;
887 1269 964 1318 ipse
990 1268 1026 1304 in
1053 1267 1143 1303 valle
1171 1266 1357 1310 umbrosa,
1386 1265 1529 1301 humida
1555 1265 1600 1301 ad
1618 1263 1831 1301 Bokedalen
1851 1276 1985 1300 marem
2006 1268 2041 1299 et
2060 1262 2226 1299 feminam

618 1334 708 1369 intra
732 1331 843 1367 filices
871 1329 967 1377 cepi,
995 1331 1030 1363 et
1055 1327 1090 1362 in
1114 1325 1201 1361 silva
1228 1325 1273 1361 ad
1300 1325 1481 1361 Holmiam
1509 1324 1575 1360 sub
1600 1324 1717 1373 lapide
1744 1323 1894 1359 alterum
1922 1322 2074 1358 feminae
2103 1335 2228 1359 exem-

620 1392 727 1441 plum.
757 1413 801 1419 —
828 1392 863 1425 A
891 1389 1046 1424 Kocnlo
1087 1384 1176 1421 haec
1201 1384 1341 1433 species
1367 1384 1461 1420 bene
1495 1385 1631 1433 depicta
1659 1388 1727 1419 est:
1765 1384 2077 1419 BLACKWALIAUS
2103 1382 2230 1431 palpos

622 1451 728 1487 maris
754 1448 887 1498 optimc
915 1444 1112 1493 descripsit.
1140 1466 1186 1471 —
1213 1445 1285 1493 Ep.
1314 1446 1480 1479 arm-iada
1517 1443 1680 1479 Walek.
1715 1443 1799 1489 (Ins.
1828 1443 1911 1490 Apt.
1941 1442 1980 1477 ll.
2009 1453 2040 1490 p.
2070 1442 2134 1491 83)
2172 1446 2231 1478 aut

621 1510 666 1546 ad
691 1509 796 1550 hanc,
826 1512 885 1543 aut
912 1505 957 1541 ad
984 1506 1035 1540 M.
1066 1510 1258 1539 murm-iam
1288 1503 1424 1539 Koch.
1452 1502 1642 1539 referenda
1671 1515 1754 1538 esse
1781 1501 1929 1538 videtur.

723 1661 781 1710 sp.
810 1665 864 1697 10.
917 1659 983 1696 Ar.
1007 1654 1246 1693 EXTENSA.
1274 1668 1305 1704 p.
1329 1655 1411 1690 ⁶236.
1435 1655 1485 1691 Pl.
1518 1659 1573 1691 19.
1597 1655 1679 1704 figg.
1708 1660 1813 1691 1-4.

704 1749 766 1783 Syn.
790 1749 922 1776 Aranea
945 1749 1086 1773 extensa
1109 1746 1181 1771 Litnz.
1205 1744 1276 1781 Syst.
1299 1744 1364 1772 Nat.
1388 1744 1439 1772 Ed.
1465 1746 1508 1770 10.
1531 1743 1552 1770 I.
1576 1751 1600 1780 p.
1625 1746 1691 1771 261.

861 1804 926 1833 Cet.
951 1801 1015 1832 vid.
1041 1813 1069 1843 p.
1098 1801 1164 1832 148.

1068 1861 1383 1910 [TETRAGNATEA
1411 1862 1607 1894 extensa
1635 1858 1795 1908 (Limz.)]

725 2013 786 2062 sp.
816 2017 873 2050 11.
927 2013 992 2048 Ar.
1019 2010 1301 2048 coRoNATA.
1324 2023 1356 2059 p.
1379 2010 1462 2046 242.
1489 2010 1537 2046 Pl.
1567 2012 1622 2046 14.
1648 2011 1729 2060 agg.
1757 2010 1891 2046 4—1‘2.

705 2102 768 2135 Syn.
791 2101 946 2129 Araneus
969 2100 1123 2127 lineatus
1146 2100 1237 2127 Clcrck.
1261 2099 1343 2126 Aran.
1367 2099 1441 2126 Suec.
1465 2108 1489 2135 p.
1514 2102 1558 2126 60.
1582 2098 1617 2135 pl.
1642 2101 1666 2125 3.
1690 2098 1744 2126 tab.
1772 2101 1815 2126 10.

855 2156 919 2186 (fet.
946 2155 1007 2187 vid.
1033 2166 1062 2196 p.
1087 2155 1135 2185 89.

1081 2214 1324 2263 [THERIDIUM
1351 2212 1412 2248 lin
1426 2225 1445 2248 e
1454 2216 1525 2248 atu
1536 2225 1569 2248 m
1598 2212 1783 2263 (Cleua-y]

729 2368 786 2417 sp.
816 2367 870 2401 12.
922 2366 985 2401 Ar.
1015 2363 1254 2400 RESUPINA
1281 2363 1583 2400 sYLVESTms.
1610 2376 1644 2411 p.
1672 2364 1754 2400 244.
1780 2364 1829 2400 Pl.
1856 2366 1910 2401 14.
1939 2365 2019 2414 figg.
2049 2364 2202 2400 13-22.

711 2457 772 2490 Syn,
798 2456 951 2483 Araneus
973 2452 1209 2488 triangularis
1231 2452 1322 2479 Clerclc.
1347 2452 1430 2479 Aran.
1454 2452 1529 2479 Suco.
1552 2461 1577 2488 p.
1603 2454 1647 2480 95.
1670 2462 1695 2489 p.
1719 2455 1764 2480 71.
1786 2451 1821 2489 pl.
1847 2457 1872 2481 3.
1895 2453 1948 2481 tab.
1976 2457 1998 2480 2.
2023 2453 2066 2488 fig.
2095 2455 2116 2479 1.

859 2508 924 2539 Cet.
949 2507 1012 2538 vid.
1038 2519 1066 2548 p.
1091 2507 1140 2538 95.

1054 2566 1259 2615 [LINYPHIA
1285 2565 1583 2615 triangularis
1609 2566 1810 2617 (Clerck.)]
