2435 3188
665 242 726 285 50

611 349 770 392 ruebant,
800 353 924 385 contra
951 362 1043 399 quos
1072 349 1202 386 khalifa
1229 350 1352 399 copias
1379 350 1548 387 continue
1571 350 1711 387 mittere
1727 349 1934 399 cogebatur,
1962 351 2059 387 varia
2075 351 2216 388 fortuna

609 422 704 445 usus.
760 409 960 445 Autumare
986 409 1039 445 fas
1063 413 1125 451 est,
1155 409 1295 451 ducem,
1325 409 1466 459 qualem
1504 408 1738 446 Muhammed
1777 409 1835 445 ille
1870 422 1910 445 se
1945 410 2089 458 saepius
2115 422 2218 458 prae-

611 468 748 508 buerat,
776 467 812 503 in
837 467 895 503 tali
921 480 1043 503 rerum
1070 471 1172 509 statu,
1198 467 1362 517 segnitiei
1388 473 1423 504 et
1448 468 1597 504 inertiae
1624 481 1697 504 non
1723 468 1924 505 indulsisse.
1979 469 2025 505 Et
2052 481 2217 505 saneno-

608 532 683 563 tum
708 530 770 569 est,
798 539 881 562 eum
906 539 1001 562 anno
1027 527 1100 562 306
1127 526 1301 562 adversus
1324 526 1490 562 Jusufum
1515 527 1813 575 ben-Abi-l-Sadj
1842 526 2164 575 Adherbejdjanae
2184 532 2219 563 et

610 585 805 622 Armeniae
829 585 1014 621 dominum
1043 585 1242 627 celebrem,
1274 585 1475 620 exercitum
1503 585 1663 627 duxisse,
1691 591 1726 622 at
1753 598 1896 622 caesum
1923 587 1958 622 in
1994 587 2138 635 Syriam
2166 586 2219 622 di-

609 645 769 687 vertisse,
796 644 919 693 ibique
945 643 981 679 in
1006 643 1157 679 desertis
1182 656 1248 692 per
1274 647 1388 679 totum
1417 643 1494 679 fere
1521 656 1653 680 annum
1677 644 1971 687 circumerrasse,
1989 646 2107 682 donec
2122 645 2218 694 apud

609 702 923 740 Abu-Mansurum
971 703 1151 738 Tekinum
1191 702 1463 750 Djezirensem,
1515 702 1576 752 qui
1618 702 1703 739 inde
1749 703 1794 739 ab
1834 716 1929 739 anno
1970 705 2042 742 297
2086 705 2218 753 pluries

609 763 784 812 Aegypto
826 761 1030 810 praefectus
1067 761 1112 797 ab
1153 774 1248 797 311110
1282 774 1371 797 vero
1398 762 1470 797 366
1504 774 1617 811 usque
1641 761 1686 797 ad
1714 766 1876 804 mortem,
1905 775 1998 798 anno
2026 765 2109 806 326,
2138 776 2217 800 eam

609 821 754 858 tenebat
775 820 1006 869 provinciam,
1037 833 1078 857 se
1104 820 1292 869 reciperet.
1347 821 1524 856 Omanam
1551 820 1815 870 regionemque
1836 825 2038 858 montanam
2054 822 2218 858 el-Sche-

609 882 662 917 131
689 880 817 916 (11013111
845 881 924 927 ejus
950 880 1097 916 nomine
1123 879 1386 929 gubernantem
1414 879 1707 916 Muhammedem
1747 879 1855 928 paulo
1894 885 1974 928 post
2006 881 2216 917 invenimus.

611 941 731 985 Quum
758 939 794 975 111
821 938 892 974 1100
919 943 1015 975 esset
1042 939 1163 975 officio
1191 938 1318 980 evenit,
1349 943 1387 974 ut
1417 943 1595 975 catervam
1623 938 1785 975 Meccam
1809 938 2114 987 proficiscentium
2131 953 2217 976 con-

609 1004 662 1035 tra
689 1000 861 1047 impetum
897 998 1061 1034 Arabum
1088 997 1239 1034 feliciter
1265 997 1487 1034 defenderet.
1541 998 1652 1034 Forte
1680 997 1822 1034 fortuna
1853 997 1888 1033 in
1921 997 2078 1035 liberatis
2105 999 2217 1035 inerat

609 1058 741 1094 femina
767 1057 898 1093 nobilis
926 1070 947 1093 e
972 1057 1103 1093 familia
1126 1056 1280 1093 khalifae
1306 1057 1467 1093 oriunda.
1521 1058 1602 1102 Qua
1627 1057 1720 1093 fama
1745 1056 1864 1092 audita
1893 1056 2023 1093 khalifa
2059 1057 2219 1107 chlamy-

610 1117 692 1153 dem
721 1116 906 1152 defensori
945 1117 1038 1152 misit
1074 1116 1365 1166 stipendiumque
1399 1118 1478 1163 ejus
1516 1116 1630 1158 auxit,
1659 1121 1694 1152 et
1722 1115 1954 1152 Muhammed
1982 1117 2024 1152 ita
2052 1116 2218 1153 Khalifae

610 1175 762 1212 amicitia
802 1175 989 1211 devinctus
1029 1175 1063 1211 111
1103 1175 1228 1212 3111013
1266 1175 1355 1225 erigi
1384 1180 1534 1225 coeptus
1561 1180 1626 1212 est.
1680 1176 1860 1211 Tekinum
1888 1188 1982 1211 anno
2011 1176 2083 1211 312
2112 1176 2218 1212 relin-

611 1248 725 1285 quens
749 1234 911 1270 Ramlam
935 1235 1039 1277 venit,
1070 1237 1173 1283 cujus
1200 1235 1462 1284 praefecturam
1491 1234 1536 1270 ab
1565 1233 1821 1284 el-Muqtadiro
1856 1234 1973 1271 datam
2007 1235 2053 1271 ad
2086 1248 2217 1271 annum

611 1295 683 1330 318
708 1294 858 1336 retinuit,
888 1306 961 1343 quo
988 1293 1082 1330 adeo
1125 1294 1159 1330 in
1200 1294 1348 1344 gratiam
1389 1293 1525 1330 domini
1552 1298 1789 1343 processerat,
1821 1298 1857 1330 ut
1880 1294 2062 1330 Damasco
2090 1294 2219 1343 praefi-

611 1358 762 1390 ceretur.
817 1352 944 1402 Neque
974 1366 1055 1389 011111
1083 1358 1227 1389 mortuo
1256 1352 1515 1402 el-Muqtadiro
1546 1352 1670 1388 favore
1696 1353 1807 1388 caruit
1842 1353 2074 1389 successoris.
2129 1353 2218 1389 Nam

611 1425 706 1449 311110
733 1413 802 1447 321
829 1416 911 1461 post
943 1413 1073 1448 Tekini
1102 1412 1240 1448 obitum
1268 1411 1433 1457 el-Qahir
1465 1413 1678 1461 Aegyptum
1706 1412 1739 1447 ei
1767 1411 1909 1447 tradidit
1934 1411 2216 1461 gubernandam,

612 1478 647 1509 et
675 1472 815 1522 triginta
855 1471 948 1507 duos
986 1471 1063 1507 dies
1104 1484 1233 1520 preces
1260 1470 1442 1520 publicae,
1474 1470 1623 1507 Khutba
1649 1470 1862 1519 appellatae,
1894 1483 1959 1519 pro
1988 1483 2033 1506 eo
2058 1471 2108 1507 ibi
2134 1483 2218 1520 pro-

611 1532 706 1568 fecto
736 1531 956 1567 dicebantur.
1009 1531 1347 1572 verumenimvero,
1376 1534 1413 1566 ut
1438 1529 1734 1566 Abu-l-Mehasin
1772 1534 1870 1565 recte
1899 1529 2112 1572 observavit,
2148 1542 2220 1565 non

611 1591 724 1641 magis
751 1591 786 1627 in
813 1589 879 1626 hac
904 1589 1099 1625 occasione
1127 1603 1234 1639 quam
1261 1589 1295 1625 111
1321 1588 1397 1624 aliis
1425 1589 1607 1631 similibus,
1645 1588 1794 1637 imperia
1820 1587 1972 1624 khalifae
2005 1593 2086 1637 post
2123 1601 2220 1624 mor-

611 1656 682 1687 tem
709 1648 953 1699 el-Muqtadiri
983 1653 1057 1684 rata
1080 1648 1229 1691 fiebant,
1268 1648 1353 1684 dum
1389 1647 1541 1697 quisque
1568 1647 1703 1684 viribus
1728 1647 1840 1683 fretus
1868 1660 1911 1683 ea
1938 1660 2030 1697 quae
2056 1648 2091 1683 in
2119 1660 2220 1683 suam

610 1710 801 1759 redegerat
830 1708 1100 1758 possessionem
1125 1707 1315 1749 retinebat,
1346 1707 1494 1743 nemine
1521 1707 1624 1743 reniti
1652 1707 1817 1742 audente.
1873 1707 1931 1742 Sic
1958 1706 2221 1743 Abu-l-Abbar

611 1768 758 1805 Ahmed
791 1768 864 1804 ben
892 1766 1090 1817 Kighlagh‚
1119 1767 1178 1816 qui
1205 1771 1286 1803 ante
1316 1779 1423 1816 quam
1465 1765 1697 1802 Muhammed
1721 1766 1904 1802 Damasco
1931 1766 1966 1802 in
2007 1778 2106 1801 suam
2136 1778 2220 1814 pro-

611 1828 763 1864 vinciam
790 1827 842 1863 ire
868 1831 1017 1875 poterat,
1045 1826 1220 1876 Aegypto
1249 1830 1324 1862 erat
1347 1825 1488 1874 potitus,
1518 1829 1649 1861 terram
1678 1829 1899 1873 occupatam,
1941 1824 2070 1860 khalifa
2107 1824 2216 1860 invito

613 1892 719 1936 atque
752 1890 890 1935 spreto,
931 1886 1100 1921 immotus
1134 1885 1255 1921 tenuit.
1317 1884 1461 1920 Interim
1500 1883 1733 1920 Muhammed
1770 1883 1967 1920 Buschram
2005 1883 2219 1921 eunuchum.

608 1948 683 1993 jam
703 1944 847 1981 Halebo
876 1949 911 1980 et
932 1945 1114 1980 Damasco
1142 1943 1373 1992 praefectum,
1403 1943 1545 1979 Halebo
1572 1943 1760 1979 Emessam
1788 1947 1903 1979 castra
1929 1947 2135 1978 moventem
2165 1942 2217 1978 in-

612 2004 748 2041 vasisse
776 2004 912 2047 dicitur,
940 2016 1097 2053 eumque
1125 2002 1284 2052 fugatum
1307 2002 1557 2052 strangulasse.

764 2122 874 2156 Anno
915 2119 1060 2154 demum
1093 2118 1165 2153 323
1205 2117 1340 2153 litterae
1367 2115 1412 2152 ab
1440 2115 1632 2152 el-Radhio
1664 2115 1793 2151 khalifa
1820 2114 1865 2151 ad
1893 2114 2097 2151 Ahmedem
2130 2114 2220 2150 ben-

613 2179 793 2231 Kighlagh
821 2179 924 2215 datae
951 2177 1163 2219 nuntiarunt,
1188 2175 1492 2218 Muhammedem,
1524 2175 1558 2212 ei
1583 2176 1617 2211 in
1644 2174 1828 2223 provincia
1862 2174 2074 2224 aegyptiaca
2112 2173 2220 2209 suffe-

614 2245 718 2282 ctum,
746 2238 949 2280 adventare,
979 2241 1015 2273 ut
1041 2235 1124 2272 huie
1149 2235 1290 2286 regioni
1316 2239 1511 2283 praeesset.
1565 2235 1663 2270 Dum
1694 2246 1803 2269 naves
1831 2232 2096 2269 Muhammedis
2123 2233 2218 2268 Ten-

613 2300 728 2335 nisum
748 2297 960 2347 appulerunt
988 2300 1023 2332 et
1046 2296 1122 2344 ipse
1146 2295 1269 2344 copias
1295 2307 1378 2330 suas
1405 2294 1500 2330 terra
1528 2293 1638 2334 duxit,
1666 2292 1813 2329 Ahmed
1853 2292 2052 2328 exercitum
2091 2291 2219 2328 instru-

614 2363 709 2394 ctum
751 2357 979 2398 el-Fermam‚
1024 2359 1061 2391 ut
1097 2355 1190 2390 viam
1235 2366 1332 2390 novo
1376 2352 1605 2401 interciperet
1646 2351 1838 2400 praefecto,
1877 2351 1980 2386 misit.
2041 2350 2111 2386 Die
2142 2351 2218 2387 172³

615 2416 813 2453 Schaabani
835 2414 893 2450 hic
916 2415 1012 2450 acies
1046 2413 1342 2464 congrediuntur,
1368 2416 1404 2448 et
1428 2411 1568 2461 proelio
1596 2410 1792 2446 commisso
1817 2409 2028 2459 gravissimo
2056 2408 2218 2444 Muham-

614 2476 698 2512 med
738 2474 904 2523 superior
942 2473 1024 2509 abit.
1079 2474 1160 2517 Qua
1182 2472 1331 2508 victoria
1356 2471 1526 2507 subactus
1565 2468 1711 2505 Ahmed
1736 2469 1947 2518 Aegyptum
1975 2467 2220 2504 Muhammedi

613 2534 725 2576 tradit,
753 2544 916 2569 caussam
939 2531 1023 2567 belli
1047 2535 1186 2567 temere
1212 2530 1368 2579 suscepti
1392 2530 1428 2565 in
1471 2529 1598 2565 milites
1624 2526 1822 2562 devolvens
1849 2527 2095 2576 aegyptiacos,
2125 2538 2217 2575 quos

615 2606 655 2630 se
677 2592 790 2629 inscio
829 2591 865 2627 111
903 2602 1059 2640 pugnam
1099 2589 1277 2638 prodiisse
1303 2587 1477 2637 perhibet.
1542 2586 1667 2623 Paullo
1700 2590 1889 2635 postquam
1919 2585 2151 2622 Muhammed
2174 2585 2219 2621 ad
