2435 3188
683 250 769 293 120

627 358 724 406 hujus
760 358 897 394 calcaris
938 358 1021 394 dens
1060 370 1183 406 parvus
1222 358 1326 396 adest.
1358 380 1403 387 ——-
1434 360 1599 409 Epigyne
1635 361 1772 396 feminae
1806 375 1847 397 ex
1880 361 1978 410 plaga
2014 367 2144 397 constat
2184 368 2233 397 sat

626 418 740 466 longa,
768 419 874 453 antice
901 417 998 453 valde
1024 423 1179 465 angusta,
1206 420 1302 467 apice
1326 419 1500 455 rotundata
1525 420 1704 468 paulloque
1731 419 1878 463 dilatata,
1903 422 1934 455 in
1960 420 2071 456 medio
2096 433 2158 469 per
2182 427 2234 455 to—

626 482 691 512 tam
723 475 961 525 longitudinem
999 477 1216 519 uni-sulcata,
1251 477 1294 513 ad
1320 479 1414 514 basin
1442 485 1581 527 repente
1609 485 1642 514 et
1667 478 1765 514 valde
1793 479 1923 514 dilatata
1950 480 2124 528 foveisque
2154 478 2235 514 dua-

626 537 690 571 bus
716 536 898 583 majoribus
925 541 1044 570 notata.

777 621 944 657 ‹Iunior-es
983 620 1135 656 differunt
1175 621 1289 657 colore
1330 623 1441 670 paullo
1485 621 1641 663 clariore,
1684 621 1770 657 vittis
1810 622 2097 670 cephalothoraeis
2131 625 2235 672 magis

627 679 819 722 manifestis,
860 680 1041 715 semoribus
1081 680 1266 716 evidentius
1304 680 1587 717 fusco-annulatis.
1640 679 1859 716 Abdomen
1898 683 2057 718 maculam
2094 684 2233 718 anticam

627 740 714 774 bene
752 752 963 787 expressam,
1004 741 1137 787 nigrore
1178 738 1342 775 definitam
1383 740 1498 782 habet;
1540 740 1670 788 postice
1699 741 1730 775 in
1759 739 1861 775 dorso
1894 742 1979 776 serie
2015 743 2166 790 utrinque
2193 754 2235 776 ex

631 798 779 846 punctis,
806 798 936 833 alternis
965 799 1065 846 nigris
1092 804 1126 833 et
1155 798 1387 841 albicantibus,
1415 799 1550 834 formata
1575 805 1720 841 notatur,
1748 812 1833 848 quae
1862 800 1893 834 in
1921 800 2038 836 adultis
2064 814 2130 835 non
2159 799 2234 834 vidi.

777 899 883 935 Locis
907 897 1063 934 humidis
1087 901 1140 934 sat
1161 898 1332 948 frequens
1358 899 1536 935 invenitur
1560 898 1650 935 haec
1674 899 1833 947 species,
1861 911 1987 936 versus
2014 899 2122 935 finem
2149 899 2236 946 MaJi

629 957 755 994 adulta.
794 980 838 986 —
880 958 915 994 A
940 958 985 993 L.
1002 959 1195 1005 fumigata
1223 957 1430 1008 (Clerck.)
1459 957 1516 994 cui
1542 957 1588 994 ad
1617 958 1897 1008 magnitudinem
1925 962 1960 994 et
1986 958 2147 994 colorem
2186 958 2234 994 si-

630 1016 772 1053 millima
799 1022 861 1059 est,
890 1016 984 1053 tibiis
1027 1017 1298 1067 metatarsisque
1340 1016 1587 1053 unicoloribus
1614 1016 1803 1067 formaque
1842 1017 1993 1066 partium
2029 1016 2234 1067 genitalium

630 1076 706 1112 sine
733 1076 880 1127 negotio
909 1075 1144 1125 distinguitur.

860 1214 918 1262 Sp.
949 1215 980 1248 8.
1035 1212 1349 1250 AMENTATUS.
1379 1226 1411 1261 p.
1440 1213 1498 1249 96.
1530 1212 1578 1248 Pl.
1606 1213 1637 1248 4.
1665 1212 1734 1248 tab.
1763 1214 1795 1248 8.

711 1300 771 1334 Syn.
796 1301 929 1328 Arauea
952 1304 1090 1328 saccata
1114 1302 1186 1328 Linn.
1209 1301 1280 1338 Syst.
1303 1301 1367 1329 Nat.
1393 1301 1442 1329 Ed.
1469 1304 1512 1329 10.
1536 1301 1558 1328 Ι,
1581 1310 1606 1338 p.
1631 1303 1686 1328 623
1726 1300 1776 1328 Ed.
1802 1303 1846 1328 12.
1868 1310 1893 1337 p.
1920 1302 2004 1327 1037.

856 1360 869 1374 (ι
1004 1360 1017 1374 «
1141 1353 1173 1377 id.
1206 1350 1292 1378 Faun.
1315 1350 1391 1377 Suec.
1415 1349 1465 1377 Ed.
1489 1354 1514 1378 2.
1537 1359 1563 1387 p.
1588 1353 1654 1378 491.

955 1398 1127 1426 littoralis
1151 1400 1186 1426 De
1207 1400 1279 1426 Geer.
1303 1399 1387 1426 Mem.
1411 1399 1475 1426 VII.
1498 1409 1523 1436 p.
1548 1401 1613 1426 274.
1635 1398 1670 1436 pl.
1698 1401 1741 1426 15.
1764 1399 1827 1436 figg.
1855 1401 1979 1427 17—24.

792 1446 924 1483 Lycosa
946 1451 1083 1475 saccata
1106 1449 1190 1475 Hahn.
1214 1448 1264 1476 Die
1288 1448 1405 1476 Arachn.
1428 1449 1448 1476 Ι.
1472 1458 1497 1486 p.
1523 1451 1586 1476 108.
1609 1448 1655 1484 fig.
1678 1450 1725 1475 81.

857 1506 870 1520 a
943 1500 1119 1524 amentata
1140 1497 1221 1524 Szaeml.
1245 1498 1306 1525 Aet.
1330 1497 1422 1525 Holm.
1450 1500 1533 1525 1832.
1557 1506 1582 1534 p.
1608 1500 1672 1524 177.
1695 1496 1800 1528 (saltem
1824 1496 1858 1524 ad
1881 1500 2004 1535 partem).

942 1550 1077 1574 saccata
1105 1548 1199 1573 Walck.
1222 1547 1277 1574 Ins.
1300 1547 1365 1584 Apt.
1388 1546 1410 1574 I.
1433 1555 1458 1583 p.
1483 1549 1538 1573 32ss
1563 1545 1669 1577 (saltem
1691 1545 1725 1573 ad
1748 1549 1871 1583 partem).

795 1594 868 1632 Lyc.
892 1595 1090 1627 (Leimonia)
1114 1595 1315 1632 paludicola
1338 1596 1415 1622 Koch.
1441 1595 1490 1622 Die
1514 1595 1632 1622 Arae-lin.
1656 1595 1718 1623 XV.
1741 1604 1765 1632 p.
1792 1599 1834 1623 10.
1858 1596 1922 1632 figg.
1950 1594 2155 1623 14'21—1422.

793 1644 924 1681 Lycosa
946 1648 1122 1672 amentata
1150 1646 1239 1672 Weser.
1263 1645 1324 1672 Aet.
1348 1643 1468 1671 Gothob.
1495 1647 1579 1672 1851.
1602 1653 1627 1681 p.
1653 1648 1698 1672 52.

1110 1721 1280 1771 [chosA
1308 1725 1529 1756 amentata
1553 1721 1757 1772 (Clercls.)]

778 1842 934 1879 Difficile
961 1856 1047 1879 sane
1061 1847 1114 1879 est
1131 1843 1339 1891 dijudicare,
1357 1844 1414 1879 cui
1426 1844 1561 1892 speciei
1578 1855 1712 1879 nomen
1727 1845 1816 1892 Lyc.
1835 1853 2011 1880 amentata
2026 1843 2235 1892 (Clerck.)

631 1902 675 1939 sit
702 1901 905 1938 dicendum.
957 1902 1037 1937 Non
1065 1902 1159 1938 enim
1190 1902 1402 1940 CLERCKIUS
1436 1903 1544 1945 solus,
1587 1915 1713 1939 verum
1755 1902 1858 1938 etiam
1893 1915 2020 1938 omnes
2048 1902 2124 1938 fere
2149 1903 2236 1938 scri·

629 1965 760 2009 ptores,
789 1961 942 1998 Kocfflo
971 1966 1005 1997 et
1032 1961 1184 1997 VVESTR.
1210 1962 1383 2010 exceptis,
1416 1961 1505 1998 duas
1534 1961 1677 2010 species
1709 1961 1880 2003 diversas,
1910 1962 1955 1997 L.
1982 1961 2144 2013 (Leim.)
2168 1976 2236 2011 pa-

630 2021 809 2056 lmlicolam
837 2019 970 2056 Koch.
997 2025 1032 2056 et
1055 2021 1102 2056 L.
1128 2021 1376 2071 (Par-domm)
1401 2030 1577 2057 saccatam
1605 2020 1677 2062 id.,
1706 2020 1914 2056 confudisse
1941 2020 2115 2062 videntur,
2147 2033 2235 2069 quas

632 2079 777 2115 nomine
800 2079 856 2115 vel
884 2088 1034 2121 saccata,
1061 2079 1118 2115 vel
1149 2089 1326 2116 amentata
1354 2085 1584 2116 vocaverunt.
1615 2102 1660 2107 -
1689 2079 1894 2128 Descriptio
1918 2082 1961 2116 A.
1988 2085 2155 2115 amentatz'
2181 2081 2235 2126 (ut

632 2140 673 2175 A.
702 2148 861 2174 sacratae
885 2138 1023 2187 Linn.)
1050 2138 1112 2174 vix
1137 2138 1265 2175 melius
1290 2139 1326 2174 iu
1353 2152 1460 2175 unam
1488 2151 1594 2188 quam
1622 2139 1656 2174 in
1684 2138 1830 2174 alteram
1859 2151 1981 2174 earum
2000 2138 2131 2173 cadere
2149 2137 2234 2174 mihi

630 2197 774 2246 quidem
802 2196 959 2238 videtur;
985 2197 1050 2233 sed
1065 2199 1137 2246 fig.
1163 2203 1182 2233 2
1208 2198 1241 2233 in
1270 2197 1341 2234 tab.
1368 2199 1390 2234 8
1415 2199 1536 2247 operis
1561 2199 1750 2239 CLERCKn,
1781 2209 1873 2246 quae
1900 2196 2067 2232 feminam
2090 2209 2236 2245 reprae-

631 2261 754 2297 sentat,
796 2255 920 2291 colore
967 2256 1125 2292 flaventi·
1152 2259 1207 2293 vel
1235 2257 1520 2294 olivaceo-fusco
1560 2270 1641 2293 cum
1684 2257 1729 2293 L.
1752 2256 1955 2305 paludicola
1982 2255 2122 2291 Koch.
2159 2256 2230 2306 (L.

631 2324 806 2351 amentata
832 2315 1008 2362 Westr.)
1031 2315 1110 2364 plus
1138 2315 1375 2352 similitudinis
1402 2315 1518 2358 habet,
1549 2328 1655 2364 quam
1681 2327 1763 2350 cum
1789 2315 1835 2350 L.
1867 2323 2006 2350 saccata
2029 2315 2100 2356 id„
2141 2327 2234 2364 quae

634 2375 757 2409 colore
783 2373 1050 2409 cinereo-fusco
1076 2374 1288 2423 plerumque
1302 2378 1364 2411 est.
1401 2376 1509 2425 (Fig.
1526 2380 1541 2410 A
1555 2374 1643 2424 (0⁷¹)
1667 2375 1773 2422 pejor
1790 2378 1852 2415 est,
1879 2386 1984 2422 quam
2003 2378 2040 2409 ut
2056 2379 2154 2410 certo
2171 2374 2235 2410 de·

631 2432 811 2468 terminari
836 2432 970 2479 possit).
1023 2432 1106 2467 Hoc
1133 2433 1277 2481 quidem
1307 2445 1452 2468 omnem
1479 2432 1762 2468 controversiam
1790 2445 1863 2468 non
1886 2432 2073 2482 disceptat;
2111 2445 2230 2482 neque

632 2490 766 2532 dubito,
797 2490 881 2539 quin
909 2495 1058 2539 utraque
1085 2491 1236 2539 species,
1264 2503 1356 2540 quae
1383 2491 1555 2540 frequens
1596 2491 1692 2539 apud
1726 2503 1794 2527 nos
1821 2491 2006 2534 invenitur,
2037 2493 2230 2529 CLERCKIO

632 2550 774 2598 cognita
801 2549 920 2591 fuerit3
947 2549 1012 2585 sed
1038 2549 1082 2584 L.
1100 2550 1302 2598 palmttrola
1330 2549 1467 2586 Koch.
1497 2550 1609 2597 magis
1634 2550 1739 2586 etiam
1767 2550 1923 2600 vulgaris
1950 2556 2012 2593 est,
2048 2563 2153 2600 quam
2185 2553 2227 2587 L.

631 2618 771 2645 saccata
796 2608 865 2650 id.⁷
894 2608 1126 2657 omniumque
1153 2608 1415 2656 Lycosidarum
1437 2614 1638 2645 nostrarum
1663 2608 1766 2646 facile
1794 2609 2095 2659 frequentissima;
2124 2622 2231 2659 quam
