<?xml version="1.0" encoding="UTF-8"?>
<!DOCTYPE html PUBLIC "-//W3C//DTD XHTML 1.0 Transitional//EN"
    "http://www.w3.org/TR/xhtml1/DTD/xhtml1-transitional.dtd">
<html xmlns="http://www.w3.org/1999/xhtml" xml:lang="en" lang="en">
 <head>
  <title>
</title>
<meta http-equiv="Content-Type" content="text/html;charset=utf-8" />
  <meta name='ocr-system' content='tesseract 3.04.00' />
  <meta name='ocr-capabilities' content='ocr_page ocr_carea ocr_par ocr_line ocrx_word'/>
</head>
<body>
  <div class='ocr_page' id='page_1' title='image "./novaactaregiaeso325658kung_0151.png"; bbox 0 0 2435 3188; ppageno 0'>
   <div class='ocr_carea' id='block_1_1' title="bbox 1686 263 1765 304">
    <p class='ocr_par' dir='ltr' id='par_1_1' title="bbox 1686 263 1765 304">
     <span class='ocr_line' id='line_1_1' title="bbox 1686 263 1765 304; baseline 0.013 -1"><span class='ocrx_word' id='word_1_1' title='bbox 1686 263 1765 304; x_wconf 76' lang='lat'>139</span> 
     </span>
    </p>
   </div>
   <div class='ocr_carea' id='block_1_2' title="bbox 320 396 1717 539">
    <p class='ocr_par' dir='ltr' id='par_1_2' title="bbox 320 396 1717 539">
     <span class='ocr_line' id='line_1_2' title="bbox 320 396 1717 472; baseline 0.003 -23"><span class='ocrx_word' id='word_1_2' title='bbox 320 399 373 450; x_wconf 92' lang='grc' dir='ltr'>Β.</span> <span class='ocrx_word' id='word_1_3' title='bbox 442 397 662 448; x_wconf 91' lang='lat' dir='ltr'>Recensio</span> <span class='ocrx_word' id='word_1_4' title='bbox 698 396 974 447; x_wconf 85' lang='lat' dir='ltr'>Aranearum</span> <span class='ocrx_word' id='word_1_5' title='bbox 1011 397 1300 462; x_wconf 79' lang='lat' dir='ltr'>suecicarum‚</span> <span class='ocrx_word' id='word_1_6' title='bbox 1339 418 1451 469; x_wconf 87' lang='lat' dir='ltr'>quas</span> <span class='ocrx_word' id='word_1_7' title='bbox 1489 399 1717 472; x_wconf 78' lang='lat' dir='ltr'>descripsit</span> 
     </span>
     <span class='ocr_line' id='line_1_3' title="bbox 879 485 1145 539; baseline 0.011 -3"><span class='ocrx_word' id='word_1_8' title='bbox 879 485 1145 539; x_wconf 66' lang='lat' dir='ltr'>memus,</span> 
     </span>
    </p>
   </div>
   <div class='ocr_carea' id='block_1_3' title="bbox 209 595 1841 1477">
    <p class='ocr_par' dir='ltr' id='par_1_3' title="bbox 209 595 1841 1477">
     <span class='ocr_line' id='line_1_4' title="bbox 362 595 1821 653; baseline 0.005 -20"><span class='ocrx_word' id='word_1_9' title='bbox 362 597 400 633; x_wconf 94' lang='lat' dir='ltr'>In</span> <span class='ocrx_word' id='word_1_10' title='bbox 427 595 566 632; x_wconf 85' lang='lat' dir='ltr'>araneis</span> <span class='ocrx_word' id='word_1_11' title='bbox 593 595 746 631; x_wconf 86' lang='lat' dir='ltr'>suecicis</span> <span class='ocrx_word' id='word_1_12' title='bbox 774 607 794 630; x_wconf 82' lang='lat' dir='ltr'>a</span> <span class='ocrx_word' id='word_1_13' title='bbox 822 595 996 634; x_wconf 79' lang='lat' dir='ltr'>LINNAEO</span> <span class='ocrx_word' id='word_1_14' title='bbox 1027 597 1214 647; x_wconf 81' lang='lat' dir='ltr'>descriptis</span> <span class='ocrx_word' id='word_1_15' title='bbox 1240 599 1498 647; x_wconf 80' lang='lat' dir='ltr'>perlustrandis</span> <span class='ocrx_word' id='word_1_16' title='bbox 1525 602 1821 653; x_wconf 80' lang='lat' dir='ltr'>explicandisque</span> 
     </span>
     <span class='ocr_line' id='line_1_5' title="bbox 216 655 1821 712; baseline 0.002 -17"><span class='ocrx_word' id='word_1_17' title='bbox 216 660 359 695; x_wconf 77' lang='lat' dir='ltr'>Faunae</span> <span class='ocrx_word' id='word_1_18' title='bbox 385 657 544 693; x_wconf 76' lang='lat' dir='ltr'>Saecicae</span> <span class='ocrx_word' id='word_1_19' title='bbox 570 656 638 691; x_wconf 80' lang='lat' dir='ltr'>Ed.</span> <span class='ocrx_word' id='word_1_20' title='bbox 666 659 686 690; x_wconf 67' lang='lat'><strong>2</strong></span> <span class='ocrx_word' id='word_1_21' title='bbox 713 655 824 703; x_wconf 89' lang='lat' dir='ltr'>(anno</span> <span class='ocrx_word' id='word_1_22' title='bbox 855 656 946 691; x_wconf 88' lang='lat'>1761</span> <span class='ocrx_word' id='word_1_23' title='bbox 978 656 1074 705; x_wconf 85' lang='lat' dir='ltr'>typis</span> <span class='ocrx_word' id='word_1_24' title='bbox 1113 657 1348 707; x_wconf 82' lang='lat' dir='ltr'>exscriptam)</span> <span class='ocrx_word' id='word_1_25' title='bbox 1389 661 1503 698; x_wconf 87' lang='lat' dir='ltr'>secuti</span> <span class='ocrx_word' id='word_1_26' title='bbox 1541 674 1681 703; x_wconf 81' lang='lat' dir='ltr'>su1nus;</span> <span class='ocrx_word' id='word_1_27' title='bbox 1721 664 1821 712; x_wconf 88' lang='lat' dir='ltr'>quod</span> 
     </span>
     <span class='ocr_line' id='line_1_6' title="bbox 214 713 1821 767; baseline 0.002 -13"><span class='ocrx_word' id='word_1_28' title='bbox 214 717 431 767; x_wconf 83' lang='lat' dir='ltr'>aptissimum</span> <span class='ocrx_word' id='word_1_29' title='bbox 461 714 566 750; x_wconf 86' lang='lat' dir='ltr'>nobis</span> <span class='ocrx_word' id='word_1_30' title='bbox 591 713 705 749; x_wconf 88' lang='lat' dir='ltr'>visum</span> <span class='ocrx_word' id='word_1_31' title='bbox 735 718 798 755; x_wconf 84' lang='lat' dir='ltr'>est,</span> <span class='ocrx_word' id='word_1_32' title='bbox 827 718 900 749; x_wconf 88' lang='lat' dir='ltr'>tum</span> <span class='ocrx_word' id='word_1_33' title='bbox 936 715 1019 763; x_wconf 90' lang='lat' dir='ltr'>quia</span> <span class='ocrx_word' id='word_1_34' title='bbox 1059 728 1131 751; x_wconf 91' lang='lat' dir='ltr'>uno</span> <span class='ocrx_word' id='word_1_35' title='bbox 1170 719 1299 752; x_wconf 87' lang='lat' dir='ltr'>tenore</span> <span class='ocrx_word' id='word_1_36' title='bbox 1337 718 1480 766; x_wconf 86' lang='lat' dir='ltr'>specics</span> <span class='ocrx_word' id='word_1_37' title='bbox 1520 725 1660 757; x_wconf 89' lang='lat' dir='ltr'>nostras</span> <span class='ocrx_word' id='word_1_38' title='bbox 1688 722 1722 757; x_wconf 91' lang='lat' dir='ltr'>in</span> <span class='ocrx_word' id='word_1_39' title='bbox 1751 721 1821 758; x_wconf 87' lang='lat' dir='ltr'>hoc</span> 
     </span>
     <span class='ocr_line' id='line_1_7' title="bbox 216 772 1821 829; baseline 0.002 -15"><span class='ocrx_word' id='word_1_40' title='bbox 216 777 305 814; x_wconf 90' lang='lat' dir='ltr'>libro</span> <span class='ocrx_word' id='word_1_41' title='bbox 336 773 517 811; x_wconf 77' lang='lat' dir='ltr'>illustravit</span> <span class='ocrx_word' id='word_1_42' title='bbox 540 773 740 814; x_wconf 63' lang='lat' dir='ltr'>menus,</span> <span class='ocrx_word' id='word_1_43' title='bbox 769 772 875 808; x_wconf 85' lang='lat' dir='ltr'>nullis</span> <span class='ocrx_word' id='word_1_44' title='bbox 902 773 1027 810; x_wconf 86' lang='lat' dir='ltr'>formis</span> <span class='ocrx_word' id='word_1_45' title='bbox 1056 774 1216 810; x_wconf 85' lang='lat' dir='ltr'>externis</span> <span class='ocrx_word' id='word_1_46' title='bbox 1241 775 1474 824; x_wconf 82' lang='lat' dir='ltr'>interpositis,</span> <span class='ocrx_word' id='word_1_47' title='bbox 1514 782 1587 814; x_wconf 87' lang='lat' dir='ltr'>tum</span> <span class='ocrx_word' id='word_1_48' title='bbox 1623 781 1722 829; x_wconf 88' lang='lat' dir='ltr'>quod</span> <span class='ocrx_word' id='word_1_49' title='bbox 1755 780 1821 816; x_wconf 89' lang='lat' dir='ltr'>ibi-</span> 
     </span>
     <span class='ocr_line' id='line_1_8' title="bbox 215 831 1819 888; baseline 0.002 -16"><span class='ocrx_word' id='word_1_50' title='bbox 215 837 296 873; x_wconf 85' lang='lat' dir='ltr'>dem</span> <span class='ocrx_word' id='word_1_51' title='bbox 333 833 530 870; x_wconf 83' lang='lat' dir='ltr'>accuratius</span> <span class='ocrx_word' id='word_1_52' title='bbox 561 838 596 869; x_wconf 87' lang='lat' dir='ltr'>et</span> <span class='ocrx_word' id='word_1_53' title='bbox 621 831 767 868; x_wconf 89' lang='lat' dir='ltr'>uberius</span> <span class='ocrx_word' id='word_1_54' title='bbox 809 845 871 868; x_wconf 87' lang='lat' dir='ltr'>eas</span> <span class='ocrx_word' id='word_1_55' title='bbox 902 831 1099 882; x_wconf 85' lang='lat' dir='ltr'>descripsit,</span> <span class='ocrx_word' id='word_1_56' title='bbox 1142 846 1249 882; x_wconf 90' lang='lat' dir='ltr'>quam</span> <span class='ocrx_word' id='word_1_57' title='bbox 1287 835 1323 870; x_wconf 92' lang='lat' dir='ltr'>in</span> <span class='ocrx_word' id='word_1_58' title='bbox 1360 835 1506 886; x_wconf 89' lang='lat' dir='ltr'>reliquis</span> <span class='ocrx_word' id='word_1_59' title='bbox 1534 838 1608 874; x_wconf 89' lang='lat' dir='ltr'>suis</span> <span class='ocrx_word' id='word_1_60' title='bbox 1638 839 1819 888; x_wconf 87' lang='lat' dir='ltr'>operibus.</span> 
     </span>
     <span class='ocr_line' id='line_1_9' title="bbox 212 892 1820 946; baseline 0.003 -16"><span class='ocrx_word' id='word_1_61' title='bbox 212 895 272 932; x_wconf 91' lang='lat' dir='ltr'>Ad</span> <span class='ocrx_word' id='word_1_62' title='bbox 299 895 390 942; x_wconf 76' lang='lat' dir='ltr'>Syst.</span> <span class='ocrx_word' id='word_1_63' title='bbox 420 893 581 928; x_wconf 77' lang='lat' dir='ltr'>Naturae</span> <span class='ocrx_word' id='word_1_64' title='bbox 602 892 673 927; x_wconf 76' lang='lat' dir='ltr'>Ed.</span> <span class='ocrx_word' id='word_1_65' title='bbox 703 897 746 927; x_wconf 73' lang='lat'>40.</span> <span class='ocrx_word' id='word_1_66' title='bbox 779 893 871 927; x_wconf 88' lang='lat' dir='ltr'>Tom.</span> <span class='ocrx_word' id='word_1_67' title='bbox 896 893 924 927; x_wconf 91' lang='lat' dir='ltr'>I.</span> <span class='ocrx_word' id='word_1_68' title='bbox 951 892 1095 944; x_wconf 63' lang='lat'><em>(1758),</em></span> <span class='ocrx_word' id='word_1_69' title='bbox 1122 893 1157 929; x_wconf 94' lang='lat' dir='ltr'>in</span> <span class='ocrx_word' id='word_1_70' title='bbox 1186 894 1417 942; x_wconf 78' lang='lat' dir='ltr'>quanoniina</span> <span class='ocrx_word' id='word_1_71' title='bbox 1444 895 1638 932; x_wconf 81' lang='lat' dir='ltr'>«trivialia»</span> <span class='ocrx_word' id='word_1_72' title='bbox 1666 899 1820 946; x_wconf 89' lang='lat' dir='ltr'>primum</span> 
     </span>
     <span class='ocr_line' id='line_1_10' title="bbox 211 950 1819 1006; baseline 0.001 -15"><span class='ocrx_word' id='word_1_73' title='bbox 211 954 256 991; x_wconf 83' lang='lat' dir='ltr'>ad</span> <span class='ocrx_word' id='word_1_74' title='bbox 282 964 430 989; x_wconf 86' lang='lat' dir='ltr'>araneas</span> <span class='ocrx_word' id='word_1_75' title='bbox 454 950 629 992; x_wconf 82' lang='lat' dir='ltr'>adhibuit,</span> <span class='ocrx_word' id='word_1_76' title='bbox 654 954 689 986; x_wconf 88' lang='lat' dir='ltr'>et</span> <span class='ocrx_word' id='word_1_77' title='bbox 715 951 880 997; x_wconf 85' lang='lat' dir='ltr'>ejusdem</span> <span class='ocrx_word' id='word_1_78' title='bbox 907 951 1027 1000; x_wconf 89' lang='lat' dir='ltr'>operis</span> <span class='ocrx_word' id='word_1_79' title='bbox 1056 953 1127 988; x_wconf 81' lang='lat' dir='ltr'>Ed.</span> <span class='ocrx_word' id='word_1_80' title='bbox 1143 958 1189 989; x_wconf 66' lang='grc'>«12.</span> <span class='ocrx_word' id='word_1_81' title='bbox 1221 954 1260 988; x_wconf 87' lang='grc' dir='ltr'>Τ.</span> <span class='ocrx_word' id='word_1_82' title='bbox 1279 954 1306 988; x_wconf 93' lang='lat' dir='ltr'>I.</span> <span class='ocrx_word' id='word_1_83' title='bbox 1325 955 1367 988; x_wconf 79' lang='lat' dir='ltr'>P.</span> <span class='ocrx_word' id='word_1_84' title='bbox 1384 955 1431 989; x_wconf 89' lang='lat' dir='ltr'>II.</span> <span class='ocrx_word' id='word_1_85' title='bbox 1460 955 1570 1005; x_wconf 66' lang='lat'><em>(1767</em></span> <span class='ocrx_word' id='word_1_86' title='bbox 1563 956 1596 1006; x_wconf 64' lang='lat' dir='ltr'><em>j</em></span> <span class='ocrx_word' id='word_1_87' title='bbox 1609 956 1644 992; x_wconf 93' lang='lat' dir='ltr'>in</span> <span class='ocrx_word' id='word_1_88' title='bbox 1661 969 1819 1006; x_wconf 87' lang='lat' dir='ltr'>unaqua—</span> 
     </span>
     <span class='ocr_line' id='line_1_11' title="bbox 213 1008 1819 1065; baseline 0.002 -17"><span class='ocrx_word' id='word_1_89' title='bbox 213 1025 282 1062; x_wconf 90' lang='lat' dir='ltr'>que</span> <span class='ocrx_word' id='word_1_90' title='bbox 309 1011 430 1061; x_wconf 87' lang='lat' dir='ltr'>specie</span> <span class='ocrx_word' id='word_1_91' title='bbox 456 1014 643 1059; x_wconf 85' lang='lat' dir='ltr'>praeterea</span> <span class='ocrx_word' id='word_1_92' title='bbox 671 1008 926 1059; x_wconf 80' lang='lat' dir='ltr'>delegavimus,</span> <span class='ocrx_word' id='word_1_93' title='bbox 965 1010 1105 1047; x_wconf 82' lang='lat' dir='ltr'>ratione</span> <span class='ocrx_word' id='word_1_94' title='bbox 1143 1025 1290 1061; x_wconf 89' lang='lat' dir='ltr'>quoque</span> <span class='ocrx_word' id='word_1_95' title='bbox 1321 1011 1440 1049; x_wconf 88' lang='lat' dir='ltr'>habita</span> <span class='ocrx_word' id='word_1_96' title='bbox 1480 1026 1632 1062; x_wconf 90' lang='lat' dir='ltr'>operum</span> <span class='ocrx_word' id='word_1_97' title='bbox 1663 1016 1819 1065; x_wconf 87' lang='lat' dir='ltr'>reliquo-</span> 
     </span>
     <span class='ocr_line' id='line_1_12' title="bbox 210 1069 1817 1120; baseline 0.002 -12"><span class='ocrx_word' id='word_1_98' title='bbox 210 1084 288 1108; x_wconf 88' lang='lat' dir='ltr'>rum</span> <span class='ocrx_word' id='word_1_99' title='bbox 317 1071 484 1110; x_wconf 54' lang='lat' dir='ltr'>Lmnam,</span> <span class='ocrx_word' id='word_1_100' title='bbox 513 1074 558 1104; x_wconf 85' lang='lat' dir='ltr'>ad</span> <span class='ocrx_word' id='word_1_101' title='bbox 586 1081 678 1117; x_wconf 85' lang='lat' dir='ltr'>quae</span> <span class='ocrx_word' id='word_1_102' title='bbox 706 1069 821 1111; x_wconf 83' lang='lat' dir='ltr'>etiam,</span> <span class='ocrx_word' id='word_1_103' title='bbox 849 1074 886 1105; x_wconf 83' lang='lat' dir='ltr'>ut</span> <span class='ocrx_word' id='word_1_104' title='bbox 912 1082 971 1105; x_wconf 89' lang='lat' dir='ltr'>res</span> <span class='ocrx_word' id='word_1_105' title='bbox 999 1070 1198 1118; x_wconf 73' lang='lat' dir='ltr'>postulavit,</span> <span class='ocrx_word' id='word_1_106' title='bbox 1227 1071 1401 1107; x_wconf 85' lang='lat' dir='ltr'>lectorem</span> <span class='ocrx_word' id='word_1_107' title='bbox 1418 1074 1679 1110; x_wconf 85' lang='lat' dir='ltr'>revocavimus.</span> <span class='ocrx_word' id='word_1_108' title='bbox 1714 1076 1817 1120; x_wconf 84' lang='lat' dir='ltr'>Quae</span> 
     </span>
     <span class='ocr_line' id='line_1_13' title="bbox 211 1129 1820 1179; baseline 0.003 -12"><span class='ocrx_word' id='word_1_109' title='bbox 211 1131 349 1179; x_wconf 86' lang='lat' dir='ltr'>species</span> <span class='ocrx_word' id='word_1_110' title='bbox 377 1130 412 1165; x_wconf 92' lang='lat' dir='ltr'>in</span> <span class='ocrx_word' id='word_1_111' title='bbox 441 1130 532 1177; x_wconf 71' lang='lat' dir='ltr'>Syst.</span> <span class='ocrx_word' id='word_1_112' title='bbox 560 1129 644 1164; x_wconf 81' lang='lat' dir='ltr'>Nat.</span> <span class='ocrx_word' id='word_1_113' title='bbox 674 1129 744 1163; x_wconf 80' lang='lat' dir='ltr'>Ed.</span> <span class='ocrx_word' id='word_1_114' title='bbox 769 1134 806 1164; x_wconf 69' lang='lat'>12</span> <span class='ocrx_word' id='word_1_115' title='bbox 834 1132 871 1164; x_wconf 89' lang='lat' dir='ltr'>ut</span> <span class='ocrx_word' id='word_1_116' title='bbox 894 1129 1109 1165; x_wconf 84' lang='lat' dir='ltr'>vernaculae</span> <span class='ocrx_word' id='word_1_117' title='bbox 1138 1130 1341 1179; x_wconf 86' lang='lat' dir='ltr'>descriptae</span> <span class='ocrx_word' id='word_1_118' title='bbox 1368 1132 1403 1167; x_wconf 95' lang='lat' dir='ltr'>in</span> <span class='ocrx_word' id='word_1_119' title='bbox 1431 1133 1546 1168; x_wconf 76' lang='lat' dir='ltr'>Fame.</span> <span class='ocrx_word' id='word_1_120' title='bbox 1577 1134 1673 1169; x_wconf 76' lang='lat' dir='ltr'>Suec.</span> <span class='ocrx_word' id='word_1_121' title='bbox 1701 1136 1768 1171; x_wconf 80' lang='lat' dir='ltr'>Ed.</span> <span class='ocrx_word' id='word_1_122' title='bbox 1798 1142 1820 1172; x_wconf 65' lang='grc' dir='ltr'><strong><em>ἓ</em></strong></span> 
     </span>
     <span class='ocr_line' id='line_1_14' title="bbox 211 1187 1820 1240; baseline 0.003 -15"><span class='ocrx_word' id='word_1_123' title='bbox 211 1202 282 1225; x_wconf 85' lang='grc'>11011</span> <span class='ocrx_word' id='word_1_124' title='bbox 310 1188 544 1228; x_wconf 89' lang='lat' dir='ltr'>inveniuntur,</span> <span class='ocrx_word' id='word_1_125' title='bbox 584 1200 645 1223; x_wconf 88' lang='lat' dir='ltr'>eas</span> <span class='ocrx_word' id='word_1_126' title='bbox 680 1187 870 1235; x_wconf 88' lang='lat' dir='ltr'>separatim</span> <span class='ocrx_word' id='word_1_127' title='bbox 915 1192 996 1236; x_wconf 90' lang='lat' dir='ltr'>post</span> <span class='ocrx_word' id='word_1_128' title='bbox 1035 1187 1120 1224; x_wconf 84' lang='lat' dir='ltr'>alias</span> <span class='ocrx_word' id='word_1_129' title='bbox 1148 1190 1407 1226; x_wconf 87' lang='lat' dir='ltr'>recensuimus.</span> <span class='ocrx_word' id='word_1_130' title='bbox 1449 1215 1493 1219; x_wconf 86' lang='lat'>--</span> <span class='ocrx_word' id='word_1_131' title='bbox 1538 1191 1581 1227; x_wconf 84' lang='lat' dir='ltr'>Ut</span> <span class='ocrx_word' id='word_1_132' title='bbox 1609 1194 1683 1240; x_wconf 84' lang='lat' dir='ltr'>jam</span> <span class='ocrx_word' id='word_1_133' title='bbox 1715 1199 1820 1230; x_wconf 87' lang='lat' dir='ltr'>antea</span> 
     </span>
     <span class='ocr_line' id='line_1_15' title="bbox 211 1246 1820 1291; baseline 0.003 -7"><span class='ocrx_word' id='word_1_134' title='bbox 211 1249 375 1291; x_wconf 85' lang='lat' dir='ltr'>diximus,</span> <span class='ocrx_word' id='word_1_135' title='bbox 399 1247 643 1283; x_wconf 83' lang='lat' dir='ltr'>difficillimum</span> <span class='ocrx_word' id='word_1_136' title='bbox 661 1246 839 1282; x_wconf 88' lang='lat' dir='ltr'>interdum</span> <span class='ocrx_word' id='word_1_137' title='bbox 868 1251 929 1288; x_wconf 87' lang='lat' dir='ltr'>est,</span> <span class='ocrx_word' id='word_1_138' title='bbox 960 1259 1110 1283; x_wconf 86' lang='lat' dir='ltr'>araneas</span> <span class='ocrx_word' id='word_1_139' title='bbox 1136 1248 1297 1285; x_wconf 79' lang='lat' dir='ltr'>LINNAEI</span> <span class='ocrx_word' id='word_1_140' title='bbox 1325 1254 1425 1285; x_wconf 88' lang='lat' dir='ltr'>certo</span> <span class='ocrx_word' id='word_1_141' title='bbox 1452 1250 1703 1289; x_wconf 85' lang='lat' dir='ltr'>determinare.</span> <span class='ocrx_word' id='word_1_142' title='bbox 1745 1254 1820 1289; x_wconf 89' lang='lat' dir='ltr'>De-</span> 
     </span>
     <span class='ocr_line' id='line_1_16' title="bbox 209 1305 1818 1360; baseline 0.002 -16"><span class='ocrx_word' id='word_1_143' title='bbox 209 1307 419 1357; x_wconf 87' lang='lat' dir='ltr'>scriptiones</span> <span class='ocrx_word' id='word_1_144' title='bbox 445 1306 539 1342; x_wconf 90' lang='lat' dir='ltr'>enim</span> <span class='ocrx_word' id='word_1_145' title='bbox 566 1305 780 1354; x_wconf 88' lang='lat' dir='ltr'>plerumque</span> <span class='ocrx_word' id='word_1_146' title='bbox 808 1305 1041 1342; x_wconf 88' lang='lat' dir='ltr'>brevissimae</span> <span class='ocrx_word' id='word_1_147' title='bbox 1066 1313 1163 1343; x_wconf 88' lang='lat' dir='ltr'>sunt:</span> <span class='ocrx_word' id='word_1_148' title='bbox 1193 1320 1285 1357; x_wconf 91' lang='lat' dir='ltr'>quae</span> <span class='ocrx_word' id='word_1_149' title='bbox 1315 1308 1360 1344; x_wconf 92' lang='lat' dir='ltr'>de</span> <span class='ocrx_word' id='word_1_150' title='bbox 1386 1321 1455 1344; x_wconf 87' lang='lat' dir='ltr'>una</span> <span class='ocrx_word' id='word_1_151' title='bbox 1470 1309 1673 1359; x_wconf 88' lang='lat' dir='ltr'>eademque</span> <span class='ocrx_word' id='word_1_152' title='bbox 1696 1313 1818 1360; x_wconf 85' lang='lat' dir='ltr'>specie</span> 
     </span>
     <span class='ocr_line' id='line_1_17' title="bbox 209 1364 1819 1414; baseline 0.003 -11"><span class='ocrx_word' id='word_1_153' title='bbox 209 1367 374 1403; x_wconf 89' lang='lat' dir='ltr'>dicuntur</span> <span class='ocrx_word' id='word_1_154' title='bbox 399 1378 667 1414; x_wconf 82' lang='lat' dir='ltr'>nonnumquam</span> <span class='ocrx_word' id='word_1_155' title='bbox 694 1364 777 1400; x_wconf 86' lang='lat' dir='ltr'>satis</span> <span class='ocrx_word' id='word_1_156' title='bbox 805 1365 955 1401; x_wconf 83' lang='lat' dir='ltr'>confusa</span> <span class='ocrx_word' id='word_1_157' title='bbox 990 1366 1048 1402; x_wconf 92' lang='lat' dir='ltr'>vel</span> <span class='ocrx_word' id='word_1_158' title='bbox 1083 1366 1188 1402; x_wconf 89' lang='lat' dir='ltr'>etiam</span> <span class='ocrx_word' id='word_1_159' title='bbox 1228 1367 1321 1403; x_wconf 89' lang='lat' dir='ltr'>inter</span> <span class='ocrx_word' id='word_1_160' title='bbox 1361 1380 1402 1403; x_wconf 88' lang='lat' dir='ltr'>se</span> <span class='ocrx_word' id='word_1_161' title='bbox 1441 1368 1664 1412; x_wconf 83' lang='lat' dir='ltr'>dissidentia;</span> <span class='ocrx_word' id='word_1_162' title='bbox 1703 1376 1738 1407; x_wconf 91' lang='lat' dir='ltr'>ut</span> <span class='ocrx_word' id='word_1_163' title='bbox 1773 1372 1819 1408; x_wconf 85' lang='lat' dir='ltr'>ad</span> 
     </span>
     <span class='ocr_line' id='line_1_18' title="bbox 210 1424 1841 1477; baseline 0.002 -16"><span class='ocrx_word' id='word_1_164' title='bbox 210 1428 435 1474; x_wconf 86' lang='lat' dir='ltr'>conjecturas</span> <span class='ocrx_word' id='word_1_165' title='bbox 460 1424 572 1474; x_wconf 79' lang='lat' dir='ltr'>magis</span> <span class='ocrx_word' id='word_1_166' title='bbox 598 1424 761 1460; x_wconf 85' lang='lat' dir='ltr'>minusve</span> <span class='ocrx_word' id='word_1_167' title='bbox 789 1424 997 1473; x_wconf 87' lang='lat' dir='ltr'>probabiles</span> <span class='ocrx_word' id='word_1_168' title='bbox 1022 1438 1095 1460; x_wconf 90' lang='lat' dir='ltr'>non</span> <span class='ocrx_word' id='word_1_169' title='bbox 1124 1438 1206 1461; x_wconf 88' lang='lat' dir='ltr'>raro</span> <span class='ocrx_word' id='word_1_170' title='bbox 1233 1426 1278 1462; x_wconf 88' lang='lat' dir='ltr'>sit</span> <span class='ocrx_word' id='word_1_171' title='bbox 1303 1426 1597 1477; x_wconf 79' lang='lat' dir='ltr'>confugiendum.</span> <span class='ocrx_word' id='word_1_172' title='bbox 1836 1429 1841 1434; x_wconf 72' lang='grc'><strong><em>’</em></strong></span> 
     </span>
    </p>
   </div>
   <div class='ocr_carea' id='block_1_4' title="bbox 915 1494 1111 1501">
    <p class='ocr_par' dir='ltr' id='par_1_4' title="bbox 915 1494 1111 1501">
     <span class='ocr_line' id='line_1_19' title="bbox 915 1494 1111 1501; baseline 0 0"><span class='ocrx_word' id='word_1_173' title='bbox 915 1494 1111 1501; x_wconf 95' lang='lat' dir='ltr'> </span> 
     </span>
    </p>
   </div>
   <div class='ocr_carea' id='block_1_5' title="bbox 715 1563 1295 1702">
    <p class='ocr_par' dir='ltr' id='par_1_5' title="bbox 715 1563 1295 1702">
     <span class='ocr_line' id='line_1_20' title="bbox 887 1563 1135 1605; baseline 0 -2"><span class='ocrx_word' id='word_1_174' title='bbox 887 1563 1135 1605; x_wconf 77' lang='lat' dir='ltr'>ARANEA.</span> 
     </span>
     <span class='ocr_line' id='line_1_21' title="bbox 715 1651 1295 1702; baseline 0.002 -14"><span class='ocrx_word' id='word_1_175' title='bbox 715 1651 829 1688; x_wconf 86' lang='lat' dir='ltr'>Faun.</span> <span class='ocrx_word' id='word_1_176' title='bbox 860 1651 965 1688; x_wconf 88' lang='lat' dir='ltr'>Suec.</span> <span class='ocrx_word' id='word_1_177' title='bbox 992 1652 1059 1688; x_wconf 90' lang='lat' dir='ltr'>Ed.</span> <span class='ocrx_word' id='word_1_178' title='bbox 1087 1653 1120 1689; x_wconf 75' lang='lat'>2.</span> <span class='ocrx_word' id='word_1_179' title='bbox 1150 1665 1182 1702; x_wconf 90' lang='lat' dir='ltr'>p.</span> <span class='ocrx_word' id='word_1_180' title='bbox 1212 1654 1295 1689; x_wconf 80' lang='lat'>485.</span> 
     </span>
    </p>
   </div>
   <div class='ocr_carea' id='block_1_6' title="bbox 310 1736 1820 1844">
    <p class='ocr_par' dir='ltr' id='par_1_6' title="bbox 310 1736 1820 1844">
     <span class='ocr_line' id='line_1_22' title="bbox 310 1736 1820 1788; baseline 0 -14"><span class='ocrx_word' id='word_1_181' title='bbox 310 1738 368 1786; x_wconf 87' lang='lat' dir='ltr'>Sp.</span> <span class='ocrx_word' id='word_1_182' title='bbox 401 1738 504 1773; x_wconf 82' lang='grc'>1993.</span> <span class='ocrx_word' id='word_1_183' title='bbox 558 1737 623 1772; x_wconf 83' lang='lat' dir='ltr'>Ar.</span> <span class='ocrx_word' id='word_1_184' title='bbox 654 1736 897 1773; x_wconf 85' lang='lat' dir='ltr'>DIADEMA.</span> <span class='ocrx_word' id='word_1_185' title='bbox 930 1750 963 1786; x_wconf 90' lang='lat' dir='ltr'>p.</span> <span class='ocrx_word' id='word_1_186' title='bbox 993 1737 1076 1773; x_wconf 82' lang='lat'>485.</span> <span class='ocrx_word' id='word_1_187' title='bbox 1123 1761 1164 1765; x_wconf 97' lang='lat'><strong>—</strong></span> <span class='ocrx_word' id='word_1_188' title='bbox 1202 1742 1280 1786; x_wconf 83' lang='lat' dir='ltr'>Syst.</span> <span class='ocrx_word' id='word_1_189' title='bbox 1316 1744 1380 1775; x_wconf 81' lang='lat' dir='ltr'>Nat.</span> <span class='ocrx_word' id='word_1_190' title='bbox 1416 1744 1465 1776; x_wconf 89' lang='lat' dir='ltr'>Ed.</span> <span class='ocrx_word' id='word_1_191' title='bbox 1493 1744 1539 1777; x_wconf 74' lang='lat'>40.</span> <span class='ocrx_word' id='word_1_192' title='bbox 1568 1755 1593 1788; x_wconf 89' lang='lat' dir='ltr'>p.</span> <span class='ocrx_word' id='word_1_193' title='bbox 1623 1743 1690 1776; x_wconf 63' lang='lat'>619.</span> <span class='ocrx_word' id='word_1_194' title='bbox 1717 1755 1758 1787; x_wconf 82' lang='lat' dir='ltr'>sp.</span> <span class='ocrx_word' id='word_1_195' title='bbox 1792 1743 1820 1782; x_wconf 71' lang='lat'>&#39;¹3</span> 
     </span>
     <span class='ocr_line' id='line_1_23' title="bbox 552 1799 967 1844; baseline 0.002 -13"><span class='ocrx_word' id='word_1_196' title='bbox 552 1799 602 1831; x_wconf 83' lang='lat' dir='ltr'>Ed.</span> <span class='ocrx_word' id='word_1_197' title='bbox 630 1799 678 1831; x_wconf 65' lang='lat'>42.</span> <span class='ocrx_word' id='word_1_198' title='bbox 706 1811 731 1843; x_wconf 91' lang='lat' dir='ltr'>p.</span> <span class='ocrx_word' id='word_1_199' title='bbox 756 1800 844 1832; x_wconf 78' lang='lat' dir='ltr'>l1030.</span> <span class='ocrx_word' id='word_1_200' title='bbox 871 1812 913 1844; x_wconf 87' lang='lat' dir='ltr'>sp.</span> <span class='ocrx_word' id='word_1_201' title='bbox 941 1801 967 1832; x_wconf 72' lang='lat'>4.</span> 
     </span>
    </p>
   </div>
   <div class='ocr_carea' id='block_1_7' title="bbox 288 1857 1448 1957">
    <p class='ocr_par' dir='ltr' id='par_1_7' title="bbox 288 1857 1448 1957">
     <span class='ocr_line' id='line_1_24' title="bbox 288 1857 1448 1896; baseline 0.004 -13"><span class='ocrx_word' id='word_1_202' title='bbox 288 1858 349 1891; x_wconf 77' lang='lat' dir='ltr'>Syn.</span> <span class='ocrx_word' id='word_1_203' title='bbox 374 1859 528 1885; x_wconf 36' lang='grc' dir='ltr'>[λι-31114115</span> <span class='ocrx_word' id='word_1_204' title='bbox 551 1857 770 1886; x_wconf 83' lang='lat' dir='ltr'>diadematus</span> <span class='ocrx_word' id='word_1_205' title='bbox 793 1860 885 1886; x_wconf 68' lang='lat' dir='ltr'>clem-lc.</span> <span class='ocrx_word' id='word_1_206' title='bbox 909 1860 992 1887; x_wconf 79' lang='lat' dir='ltr'>Aran.</span> <span class='ocrx_word' id='word_1_207' title='bbox 1015 1859 1091 1886; x_wconf 80' lang='lat' dir='ltr'>Suec.</span> <span class='ocrx_word' id='word_1_208' title='bbox 1116 1868 1139 1896; x_wconf 87' lang='lat' dir='ltr'>p.</span> <span class='ocrx_word' id='word_1_209' title='bbox 1166 1862 1210 1886; x_wconf 76' lang='lat'>25.</span> <span class='ocrx_word' id='word_1_210' title='bbox 1235 1858 1270 1895; x_wconf 87' lang='lat' dir='ltr'>pl.</span> <span class='ocrx_word' id='word_1_211' title='bbox 1298 1862 1319 1887; x_wconf 87' lang='lat'>1.</span> <span class='ocrx_word' id='word_1_212' title='bbox 1344 1859 1398 1888; x_wconf 81' lang='lat' dir='ltr'>tab.</span> <span class='ocrx_word' id='word_1_213' title='bbox 1428 1866 1448 1888; x_wconf 65' lang='lat'>4.</span> 
     </span>
     <span class='ocr_line' id='line_1_25' title="bbox 437 1915 867 1957; baseline 0.005 -12"><span class='ocrx_word' id='word_1_214' title='bbox 437 1915 548 1946; x_wconf 65' lang='lat' dir='ltr'>Cetera</span> <span class='ocrx_word' id='word_1_215' title='bbox 573 1915 742 1946; x_wconf 71' lang='lat' dir='ltr'>videantur</span> <span class='ocrx_word' id='word_1_216' title='bbox 766 1927 794 1957; x_wconf 81' lang='lat' dir='ltr'>p.</span> <span class='ocrx_word' id='word_1_217' title='bbox 820 1917 867 1947; x_wconf 71' lang='grc'>78.</span> 
     </span>
    </p>
   </div>
   <div class='ocr_carea' id='block_1_8' title="bbox 671 1983 1356 2034">
    <p class='ocr_par' dir='ltr' id='par_1_8' title="bbox 671 1983 1356 2034">
     <span class='ocr_line' id='line_1_26' title="bbox 671 1983 1356 2034; baseline -0.003 -15"><span class='ocrx_word' id='word_1_218' title='bbox 671 1983 838 2033; x_wconf 72' lang='lat' dir='ltr'>[EPEuzA</span> <span class='ocrx_word' id='word_1_219' title='bbox 867 1983 889 2018; x_wconf 88' lang='lat' dir='ltr'>d</span> <span class='ocrx_word' id='word_1_220' title='bbox 899 1983 908 2018; x_wconf 92' lang='lat' dir='ltr'>i</span> <span class='ocrx_word' id='word_1_221' title='bbox 918 1996 937 2019; x_wconf 90' lang='lat' dir='ltr'>a</span> <span class='ocrx_word' id='word_1_222' title='bbox 947 1983 998 2019; x_wconf 90' lang='lat' dir='ltr'>de</span> <span class='ocrx_word' id='word_1_223' title='bbox 1009 1996 1043 2018; x_wconf 93' lang='lat' dir='ltr'>m</span> <span class='ocrx_word' id='word_1_224' title='bbox 1053 1996 1070 2019; x_wconf 90' lang='lat' dir='ltr'>a</span> <span class='ocrx_word' id='word_1_225' title='bbox 1081 1988 1121 2019; x_wconf 87' lang='lat' dir='ltr'>ta</span> <span class='ocrx_word' id='word_1_226' title='bbox 1150 1983 1356 2034; x_wconf 70' lang='lat' dir='ltr'>(Clerck.)]</span> 
     </span>
    </p>
   </div>
   <div class='ocr_carea' id='block_1_9' title="bbox 308 2111 1817 2218">
    <p class='ocr_par' dir='ltr' id='par_1_9' title="bbox 308 2111 1817 2218">
     <span class='ocr_line' id='line_1_27' title="bbox 308 2111 1817 2160; baseline -0.002 -12"><span class='ocrx_word' id='word_1_227' title='bbox 308 2111 367 2160; x_wconf 85' lang='lat' dir='ltr'>Sp.</span> <span class='ocrx_word' id='word_1_228' title='bbox 398 2113 501 2148; x_wconf 79' lang='lat'>1994.</span> <span class='ocrx_word' id='word_1_229' title='bbox 558 2113 621 2148; x_wconf 84' lang='lat' dir='ltr'>Ar.</span> <span class='ocrx_word' id='word_1_230' title='bbox 648 2112 975 2148; x_wconf 74' lang='lat' dir='ltr'>RETICULATA.</span> <span class='ocrx_word' id='word_1_231' title='bbox 1016 2124 1049 2160; x_wconf 88' lang='lat' dir='ltr'>p.</span> <span class='ocrx_word' id='word_1_232' title='bbox 1076 2111 1159 2146; x_wconf 74' lang='lat'>486.</span> <span class='ocrx_word' id='word_1_233' title='bbox 1203 2134 1248 2138; x_wconf 97' lang='lat'><strong>—</strong></span> <span class='ocrx_word' id='word_1_234' title='bbox 1288 2114 1316 2146; x_wconf 92' lang='lat' dir='ltr'>S.</span> <span class='ocrx_word' id='word_1_235' title='bbox 1343 2115 1377 2146; x_wconf 93' lang='lat' dir='ltr'>N.</span> <span class='ocrx_word' id='word_1_236' title='bbox 1404 2114 1454 2146; x_wconf 85' lang='lat' dir='ltr'>Ed.</span> <span class='ocrx_word' id='word_1_237' title='bbox 1481 2114 1528 2146; x_wconf 75' lang='lat'>40.</span> <span class='ocrx_word' id='word_1_238' title='bbox 1562 2125 1587 2157; x_wconf 90' lang='lat' dir='ltr'>p.</span> <span class='ocrx_word' id='word_1_239' title='bbox 1615 2114 1682 2146; x_wconf 79' lang='lat'>6¹9.</span> <span class='ocrx_word' id='word_1_240' title='bbox 1716 2125 1758 2157; x_wconf 85' lang='lat' dir='ltr'>sp.</span> <span class='ocrx_word' id='word_1_241' title='bbox 1785 2115 1817 2154; x_wconf 58' lang='lat' dir='ltr'><em>Q</em></span> 
     </span>
     <span class='ocr_line' id='line_1_28' title="bbox 556 2175 965 2218; baseline -0.002 -11"><span class='ocrx_word' id='word_1_242' title='bbox 556 2175 605 2207; x_wconf 85' lang='lat' dir='ltr'>Ed.</span> <span class='ocrx_word' id='word_1_243' title='bbox 632 2175 678 2207; x_wconf 61' lang='lat'>42.</span> <span class='ocrx_word' id='word_1_244' title='bbox 707 2186 731 2218; x_wconf 86' lang='lat' dir='ltr'>p.</span> <span class='ocrx_word' id='word_1_245' title='bbox 757 2175 842 2207; x_wconf 71' lang='lat'>4030.</span> <span class='ocrx_word' id='word_1_246' title='bbox 869 2186 911 2218; x_wconf 89' lang='lat' dir='ltr'>sp.</span> <span class='ocrx_word' id='word_1_247' title='bbox 939 2177 965 2206; x_wconf 68' lang='lat' dir='ltr'>Q.</span> 
     </span>
    </p>
   </div>
   <div class='ocr_carea' id='block_1_10' title="bbox 288 2231 1463 2406">
    <p class='ocr_par' dir='ltr' id='par_1_10' title="bbox 288 2231 1463 2406">
     <span class='ocr_line' id='line_1_29' title="bbox 288 2231 1463 2270; baseline -0.002 -10"><span class='ocrx_word' id='word_1_248' title='bbox 288 2235 349 2267; x_wconf 66' lang='lat' dir='ltr'>Syn,</span> <span class='ocrx_word' id='word_1_249' title='bbox 374 2235 527 2261; x_wconf 82' lang='lat' dir='ltr'>Araneus</span> <span class='ocrx_word' id='word_1_250' title='bbox 550 2238 787 2270; x_wconf 78' lang='lat' dir='ltr'>segmentatus</span> <span class='ocrx_word' id='word_1_251' title='bbox 809 2235 900 2261; x_wconf 64' lang='lat' dir='ltr'>(vert-lc.</span> <span class='ocrx_word' id='word_1_252' title='bbox 924 2234 1008 2260; x_wconf 73' lang='lat' dir='ltr'>Aran.</span> <span class='ocrx_word' id='word_1_253' title='bbox 1031 2232 1106 2259; x_wconf 70' lang='lat' dir='ltr'>Sacc.</span> <span class='ocrx_word' id='word_1_254' title='bbox 1131 2241 1155 2268; x_wconf 90' lang='lat' dir='ltr'>p.</span> <span class='ocrx_word' id='word_1_255' title='bbox 1182 2235 1225 2258; x_wconf 81' lang='lat'>45.</span> <span class='ocrx_word' id='word_1_256' title='bbox 1250 2231 1285 2268; x_wconf 90' lang='lat' dir='ltr'>pl.</span> <span class='ocrx_word' id='word_1_257' title='bbox 1313 2235 1335 2258; x_wconf 76' lang='lat'>¹2.</span> <span class='ocrx_word' id='word_1_258' title='bbox 1359 2231 1412 2258; x_wconf 86' lang='lat' dir='ltr'>tab.</span> <span class='ocrx_word' id='word_1_259' title='bbox 1439 2235 1463 2258; x_wconf 67' lang='lat'>15.</span> 
     </span>
     <span class='ocr_line' id='line_1_30' title="bbox 435 2291 715 2334; baseline 0 -11"><span class='ocrx_word' id='word_1_260' title='bbox 435 2291 500 2323; x_wconf 77' lang='lat' dir='ltr'>Cet.</span> <span class='ocrx_word' id='word_1_261' title='bbox 526 2292 588 2323; x_wconf 80' lang='lat' dir='ltr'>vid.</span> <span class='ocrx_word' id='word_1_262' title='bbox 614 2304 642 2334; x_wconf 81' lang='lat' dir='ltr'>p.</span> <span class='ocrx_word' id='word_1_263' title='bbox 666 2293 715 2324; x_wconf 74' lang='lat'>85.</span> 
     </span>
     <span class='ocr_line' id='line_1_31' title="bbox 673 2349 1349 2406; baseline -0.012 -15"><span class='ocrx_word' id='word_1_264' title='bbox 673 2354 812 2406; x_wconf 70' lang='grc' dir='ltr'>[ΜΕΤΑ</span> <span class='ocrx_word' id='word_1_265' title='bbox 839 2355 1122 2404; x_wconf 80' lang='lat' dir='ltr'>segmentata</span> <span class='ocrx_word' id='word_1_266' title='bbox 1147 2349 1349 2400; x_wconf 56' lang='lat' dir='ltr'>(Clerckj]</span> 
     </span>
    </p>
   </div>
   <div class='ocr_carea' id='block_1_11' title="bbox 911 2421 1107 2428">
    <p class='ocr_par' dir='ltr' id='par_1_11' title="bbox 911 2421 1107 2428">
     <span class='ocr_line' id='line_1_32' title="bbox 911 2421 1107 2428; baseline 0 760"><span class='ocrx_word' id='word_1_267' title='bbox 911 2421 1107 2428; x_wconf 95' lang='lat' dir='ltr'> </span> 
     </span>
    </p>
   </div>
   <div class='ocr_carea' id='block_1_12' title="bbox 211 2456 1816 2630">
    <p class='ocr_par' dir='ltr' id='par_1_12' title="bbox 211 2456 1816 2630">
     <span class='ocr_line' id='line_1_33' title="bbox 358 2456 1815 2512; baseline -0.008 -12"><span class='ocrx_word' id='word_1_268' title='bbox 358 2463 514 2500; x_wconf 55' lang='lat' dir='ltr'>WVALCK.</span> <span class='ocrx_word' id='word_1_269' title='bbox 543 2469 578 2500; x_wconf 91' lang='lat' dir='ltr'>et</span> <span class='ocrx_word' id='word_1_270' title='bbox 604 2465 778 2501; x_wconf 76' lang='lat' dir='ltr'>Kocmns</span> <span class='ocrx_word' id='word_1_271' title='bbox 802 2464 941 2512; x_wconf 81' lang='lat' dir='ltr'>jamdiu</span> <span class='ocrx_word' id='word_1_272' title='bbox 967 2463 1058 2500; x_wconf 90' lang='lat' dir='ltr'>hanc</span> <span class='ocrx_word' id='word_1_273' title='bbox 1086 2467 1184 2497; x_wconf 89' lang='lat' dir='ltr'>recte</span> <span class='ocrx_word' id='word_1_274' title='bbox 1225 2459 1456 2500; x_wconf 81' lang='lat' dir='ltr'>definierunt,</span> <span class='ocrx_word' id='word_1_275' title='bbox 1493 2456 1550 2492; x_wconf 87' lang='lat' dir='ltr'>hic</span> <span class='ocrx_word' id='word_1_276' title='bbox 1594 2456 1707 2491; x_wconf 76' lang='lat' dir='ltr'>Zillae</span> <span class='ocrx_word' id='word_1_277' title='bbox 1735 2460 1815 2490; x_wconf 79' lang='lat' dir='ltr'>reti-</span> 
     </span>
     <span class='ocr_line' id='line_1_34' title="bbox 213 2514 1816 2572; baseline -0.004 -17"><span class='ocrx_word' id='word_1_278' title='bbox 213 2521 345 2556; x_wconf 81' lang='lat' dir='ltr'>culatae</span> <span class='ocrx_word' id='word_1_279' title='bbox 371 2534 450 2558; x_wconf 88' lang='lat' dir='ltr'>eam</span> <span class='ocrx_word' id='word_1_280' title='bbox 474 2522 678 2570; x_wconf 87' lang='lat' dir='ltr'>subjiciens,</span> <span class='ocrx_word' id='word_1_281' title='bbox 708 2523 766 2559; x_wconf 91' lang='lat' dir='ltr'>ille</span> <span class='ocrx_word' id='word_1_282' title='bbox 792 2528 911 2559; x_wconf 88' lang='lat' dir='ltr'>autem</span> <span class='ocrx_word' id='word_1_283' title='bbox 934 2524 1004 2572; x_wconf 79' lang='lat' dir='ltr'>Ep.</span> <span class='ocrx_word' id='word_1_284' title='bbox 1033 2522 1235 2561; x_wconf 75' lang='lat' dir='ltr'>inclinatae,</span> <span class='ocrx_word' id='word_1_285' title='bbox 1263 2518 1394 2568; x_wconf 87' lang='lat' dir='ltr'>quibus</span> <span class='ocrx_word' id='word_1_286' title='bbox 1427 2514 1632 2553; x_wconf 84' lang='lat' dir='ltr'>nominibus</span> <span class='ocrx_word' id='word_1_287' title='bbox 1660 2515 1711 2549; x_wconf 85' lang='lat' dir='ltr'>M.</span> <span class='ocrx_word' id='word_1_288' title='bbox 1740 2528 1816 2560; x_wconf 71' lang='lat' dir='ltr'>seg-</span> 
     </span>
     <span class='ocr_line' id='line_1_35' title="bbox 211 2581 848 2630; baseline 0.006 -17"><span class='ocrx_word' id='word_1_289' title='bbox 211 2588 394 2616; x_wconf 75' lang='lat' dir='ltr'>mentatam</span> <span class='ocrx_word' id='word_1_290' title='bbox 421 2581 482 2627; x_wconf 89' lang='lat' dir='ltr'>(Cl</span> <span class='ocrx_word' id='word_1_291' title='bbox 496 2594 515 2616; x_wconf 86' lang='lat' dir='ltr'>e</span> <span class='ocrx_word' id='word_1_292' title='bbox 526 2594 542 2616; x_wconf 91' lang='lat' dir='ltr'>r</span> <span class='ocrx_word' id='word_1_293' title='bbox 553 2594 572 2616; x_wconf 90' lang='lat' dir='ltr'>c</span> <span class='ocrx_word' id='word_1_294' title='bbox 583 2582 635 2630; x_wconf 88' lang='lat' dir='ltr'>k.)</span> <span class='ocrx_word' id='word_1_295' title='bbox 663 2581 848 2630; x_wconf 87' lang='lat' dir='ltr'>appellant.</span> 
     </span>
    </p>
   </div>
  </div>
 </body>
</html>
