2435 3188
1622 308 1675 349 65

130 418 365 466 suinceretur
405 416 583 464 (CLERCK.
625 428 656 464 p.
691 414 792 462 152);
833 425 905 462 quo
933 411 1064 448 factum
1092 415 1160 453 est,
1189 414 1226 447 ut
1248 410 1330 447 satis
1358 411 1529 459 temporis
1555 412 1724 449 LmNAEo

132 489 200 514 non
239 479 333 511 essct
372 473 417 510 ad
457 474 635 510 CLERCKH
660 485 751 521 opus
775 471 977 521 diligentius
1005 469 1310 520 cognoscendum.
1363 470 1454 505 Eum
1486 483 1573 506 vero
1603 476 1727 520 postea

132 546 273 585 quoque
297 532 333 568 id
360 532 580 582 neglexisse,
606 543 653 567 ex
680 530 951 580 insequentibus
968 528 1183 566 editionibus
1201 528 1294 576 Syst.
1312 527 1387 564 Nat.
1407 532 1442 564 et
1459 528 1605 565 Faunae
1622 530 1726 565 Suec-

129 592 270 641 intelligi
298 596 421 640 potest.
441 613 484 618 —
499 590 574 626 Nec
598 593 721 625 contra
745 588 835 624 hanc
863 589 1088 637 opinionem,
1111 600 1216 637 quam
1237 586 1478 628 defendimus,
1496 588 1613 623 afferri
1628 588 1728 636 quid-

131 663 234 701 quam
261 654 393 698 potest,
421 649 466 685 de
494 662 565 698 quo
593 648 816 684 consentiant
831 647 1077 697 araclmologi;
1099 659 1147 682 ex
1162 645 1422 682 recentioribus
1436 646 1528 682 enim
1545 646 1728 683 HAanth,

129 711 300 746 Kocnms
329 713 363 744 et
388 708 655 744 WEsrnmfflus
681 706 728 742 illi
756 706 898 756 quidem
927 706 1072 742 nomina
1099 705 1303 741 Linnaeana
1331 705 1510 741 CLERCKII
1527 705 1731 741 nominibus

129 768 337 816 plerumque
365 766 578 803 anteferunt:
604 766 669 802 sed
697 766 986 802 SUNDEVALLIUS
1011 768 1135 800 contra
1161 763 1379 800 Clerckianis
1401 768 1604 799 constanter
1618 764 1731 805 utitur,

133 825 230 875 quod
255 825 589 862 WsALcKENAifflms
617 837 763 874 quoque
790 824 920 860 fecisse
940 824 1089 865 videtur,
1106 823 1239 859 scilicet
1254 822 1317 858 ubi
1334 835 1428 858 nova
1442 825 1602 865 nomina,
1617 824 1731 870 rejec-

129 885 171 921 tis
196 883 392 926 veteribus,
420 897 492 920 non
520 884 610 920 facit.
666 884 819 919 Tantum
847 883 953 932 igitur
978 882 1094 924 abest,
1124 886 1160 917 ut
1191 880 1498 930 perturbationem
1524 885 1668 917 moveat
1687 881 1733 922 id,

132 943 229 993 quod
255 943 433 985 volumus,
463 947 499 979 ut
526 943 808 992 quammaxime
837 941 882 977 ad
911 942 1132 978 stabilitatem
1160 940 1449 976 nomenclaturae
1478 941 1632 988 adjuvet,
1651 940 1732 976 ideo

132 1002 335 1051 praecipue,
379 1002 491 1051 quod,
536 1014 645 1050 quum
684 1001 800 1037 minus
837 1001 980 1037 difficile
1014 1001 1071 1043 sit,
1099 999 1239 1049 species
1266 1012 1286 1034 a
1315 999 1509 1036 CLERCKIO
1539 999 1735 1048 descriptas

132 1073 346 1111 agnoscere,
374 1073 446 1096 non
476 1065 626 1109 possunt
651 1060 810 1102 nomina,
840 1060 970 1108 quibus
997 1060 1026 1095 is
1054 1072 1140 1095 usus
1168 1062 1238 1099 est,
1267 1057 1360 1093 adeo
1390 1058 1425 1093 in
1453 1059 1734 1095 controversiam

132 1119 252 1155 vocari
279 1124 314 1155 ut
340 1119 485 1155 nomina
511 1120 685 1161 LINNAEI,
713 1121 815 1167 cujus
839 1119 1099 1167 descriptiones
1113 1122 1182 1154 tam
1199 1121 1280 1152 sunt
1293 1116 1425 1152 breves
1442 1121 1477 1153 et
1493 1117 1733 1166 imperfectae,

133 1183 170 1214 ut
195 1178 240 1214 de
266 1178 404 1220 formis,
434 1191 521 1227 quas
547 1179 762 1226 exprimant,
791 1177 874 1213 nihil
900 1177 1078 1214 interdum
1106 1190 1171 1225 pro
1196 1179 1295 1211 certo
1325 1175 1395 1211 dici
1417 1175 1545 1224 possit,
1573 1181 1608 1213 et
1632 1175 1734 1216 adid,

136 1237 233 1286 quod
259 1237 415 1273 maxime
441 1237 516 1273 veri
543 1237 656 1273 simile
683 1237 853 1279 videatur,
885 1249 994 1285 saepe
1021 1236 1065 1272 sit
1091 1234 1383 1284 confugiendum.

282 1355 408 1391 Paucis
432 1357 507 1402 jam
539 1354 660 1391 dicere
686 1355 805 1397 liceat,
836 1368 900 1391 cur
927 1355 1166 1396 CLERCKIUM,
1195 1355 1397 1391 LINNAEUM
1425 1357 1460 1389 et
1485 1353 1544 1389 DE
1573 1355 1738 1389 GEERUM

134 1414 355 1463 potissimum
381 1414 587 1463 selegerim,
619 1427 774 1463 quorum
800 1426 948 1450 araneas
971 1425 1210 1450 recenserem.
1253 1413 1464 1449 CLERCKIUS
1493 1416 1528 1448 et
1548 1413 1739 1449 LINNAEUS

135 1477 231 1509 recte
268 1472 558 1522 arachnologiae,
601 1486 692 1522 quae
734 1486 829 1509 nunc
869 1479 936 1515 est,
977 1477 1142 1508 auctores
1165 1472 1389 1520 judicentur;
1417 1484 1465 1507 ex
1493 1484 1618 1507 eorum
1645 1471 1739 1507 enim

135 1531 287 1580 scriptis,
317 1536 485 1581 quantum
509 1532 587 1567 fieri
608 1537 734 1580 potest,
761 1532 907 1568 nomina
933 1544 1144 1567 aranearum
1170 1535 1336 1580 repetunt
1363 1543 1505 1571 omnes,
1523 1530 1740 1579 quiquidem

136 1603 156 1626 a
181 1603 220 1627 se
258 1591 343 1639 ipsis
385 1590 548 1626 confecta
574 1591 718 1626 nomina
744 1591 924 1627 veteribus
949 1603 1021 1626 non
1045 1594 1271 1640 anteponant.
1325 1591 1384 1626 DE
1412 1592 1567 1626 GEERUS
1596 1589 1739 1639 quidem

137 1654 250 1685 aetate
278 1649 395 1698 paullo
421 1650 599 1698 posterior
626 1655 693 1691 est,
723 1663 831 1699 quum
859 1651 962 1686 Tom.
988 1650 1056 1685 VII
1079 1650 1200 1698 operis
1228 1651 1307 1697 ejus
1334 1649 1619 1690 celebratissimi,
1643 1649 1742 1697 quod

139 1710 342 1744 «Me'moires
374 1723 469 1758 pour
501 1715 611 1744 servir
652 1712 674 1744 ῖι
712 1710 874 1745 l'ltistoire
913 1711 968 1745 des
995 1711 1164 1745 Insectes»
1193 1708 1405 1750 inscribitur,
1431 1708 1467 1744 in
1493 1721 1564 1757 quo
1594 1720 1742 1743 araneas

138 1767 334 1809 illustravit,
362 1780 435 1803 non
462 1773 541 1803 ante
566 1768 659 1805 1778
684 1768 779 1817 typis
794 1769 995 1817 exscriptus
1013 1768 1069 1804 sit:
1090 1768 1370 1816 descriptionum
1387 1772 1515 1809 autem,
1533 1779 1620 1816 quas
1636 1766 1741 1807 dedit,

140 1826 328 1862 subtilitate
356 1826 448 1862 duos
474 1826 680 1875 superiores
707 1826 808 1862 facile
837 1826 957 1863 vincit:
986 1827 1046 1876 qui
1072 1827 1198 1863 melius
1225 1826 1445 1863 insectorum
1473 1831 1508 1862 et
1533 1838 1743 1861 aranearum

141 1885 419 1921 consuetudines
445 1885 604 1934 vitasque
632 1885 877 1922 observaverit
905 1891 1010 1935 atque
1037 1886 1264 1935 exposuerit,
1290 1899 1398 1921 nemo
1425 1885 1565 1921 exstitit.
1608 1885 1744 1920 Omnes

142 1949 327 1992 praeterea
355 1945 455 1980 Sueci
481 1943 638 1987 fuerunt,
668 1945 905 1994 quamobrem
930 1945 1223 1994 disquisitionem,
1252 1957 1358 1994 quam
1384 1944 1441 1980 hic
1460 1943 1544 1979 mihi
1562 1943 1743 1993 proposui,

144 2003 297 2038 Suecico
322 2002 455 2038 homini
480 2007 659 2052 tamquam
684 2004 863 2052 propriam
879 2017 920 2040 ac
935 2016 1036 2040 suam
1051 2003 1299 2039 vindicandam
1319 2015 1399 2039 esse
1414 2002 1559 2038 credidi.
1586 2002 1744 2037 Maxime

144 2067 260 2097 autem
287 2061 332 2097 ad
358 2060 428 2097 hoe
468 2062 663 2110 periculum
704 2062 908 2099 faciendum
933 2063 969 2099 id
996 2076 1054 2099 me
1081 2063 1206 2104 movit,
1233 2062 1331 2111 quod
1358 2062 1392 2097 in
1425 2063 1596 2111 [splmzdia
1620 2061 1745 2096 sedem

146 2125 181 2156 et
207 2120 424 2156 domicilium
452 2121 643 2169 scriptores
674 2121 721 2157 illi
752 2121 968 2164 habuerunt,
1001 2121 1062 2157 ubi
1088 2121 1193 2157 etiam
1221 2121 1411 2169 plerasque
1442 2133 1463 2155 a
1488 2133 1528 2155 se
1551 2119 1745 2168 descriptas

146 2191 293 2215 araneas
320 2179 480 2215 suecicas
506 2179 731 2216 invenerunt:
760 2181 955 2217 formarum
983 2180 1094 2222 enim,
1122 2192 1213 2228 quae
1240 2179 1289 2215 ibi
1304 2178 1537 2220 inveniuntur,
1554 2179 1745 2214 maximam

147 2242 281 2287 partem
315 2241 383 2286 jam
420 2238 598 2288 cognitam
635 2238 769 2275 habere
796 2240 880 2276 mihi
905 2240 1042 2280 videor,
1072 2250 1181 2287 quum
1209 2242 1346 2286 septem
1376 2237 1452 2273 fere
1479 2249 1593 2272 annos
1619 2237 1653 2272 in
1681 2236 1747 2272 hac

147 2296 329 2344 provincia
354 2295 600 2339 habitaverim,
628 2297 752 2346 partim
776 2298 955 2347 Upsaliae,
986 2298 1045 2334 ubi
1073 2297 1194 2332 (locuit
1219 2296 1424 2335 hramnus,
1449 2296 1572 2345 partim
1601 2295 1646 2331 ad
1661 2296 1749 2332 Hol-

150 2355 269 2397 miam,
300 2354 360 2390 ubi
387 2370 495 2391 omnes
521 2369 603 2392 suas
631 2369 778 2393 araneas
803 2358 888 2408 legit
912 2358 1131 2393 CLERcKlus.
1168 2357 1270 2400 Quae
1297 2367 1406 2404 quum
1431 2355 1477 2391 ita
1503 2359 1637 2396 essent,
1654 2354 1748 2390 hunc

151 2417 315 2449 conatum
356 2413 473 2450 animo
508 2414 629 2451 libenti
663 2421 698 2451 et
729 2417 879 2464 proclivi
913 2415 1146 2464 suscepinmS,
1175 2414 1235 2463 qui
1262 2418 1379 2450 tamen
1407 2415 1523 2462 major
1550 2426 1655 2463 quam
1682 2426 1748 2462 pro

151 2471 283 2507 viribus
321 2473 450 2508 nostris
491 2479 587 2509 certe
613 2474 751 2517 fuisset,
780 2475 846 2511 nisi
875 2480 955 2511 ante
983 2487 1050 2510 nos
1079 2472 1273 2509 doctissimi
1299 2472 1463 2508 homines
1489 2472 1525 2508 in
1552 2471 1679 2507 eadem
1710 2485 1749 2508 re

154 2529 410 2571 elaborassent;
442 2543 489 2566 ex
514 2531 642 2580 quibus
669 2533 883 2569 clarissimos
908 2533 1005 2569 viros
1036 2533 1338 2570 SUNDEVALLIUM
1355 2536 1489 2567 tantum
1505 2535 1539 2567 et
1553 2531 1751 2567 VVESTRIN-

156 2600 251 2625 cmm
276 2588 459 2624 nominare
477 2589 658 2633 volumus,
686 2604 841 2640 quorum
867 2591 1023 2641 vestigiis
1049 2591 1084 2627 in
1110 2590 1181 2627 hoc
1209 2590 1402 2640 opuscu10‚
1430 2594 1598 2639 quantum
1625 2594 1750 2638 potue-

157 2646 274 2688 rimus,
299 2647 451 2696 ingressi
475 2660 607 2684 sumus.

1585 2721 1607 2755 9
