2435 3188
1659 246 1711 286 77

312 359 476 396 Interdum
518 358 670 392 universa
706 357 833 404 pictura
861 356 905 390 ob
936 354 1084 389 colorem
1112 353 1211 387 totius
1239 351 1424 387 abdominis
1466 365 1578 386 ravum
1606 351 1659 386 vel
1686 351 1766 385 albi-

166 427 290 458 cantem
315 422 356 454 ita
382 424 433 453 est
462 417 642 457 obliterata,
670 421 705 450 ut
731 427 883 462 magnam
909 413 950 448 ad
980 418 1108 461 partem
1137 412 1274 459 agnosci
1302 411 1356 445 vix
1380 412 1497 458 possit.

310 502 454 539 Habitat
493 500 582 536 haec
617 498 757 548 species
793 498 829 534 in
870 497 1019 546 Europa
1057 506 1157 533 trans
1196 495 1320 544 Alpes.
1386 495 1422 531 Α
1452 506 1510 530 me
1550 494 1585 530 in
1613 494 1767 529 Helvetia

164 563 398 612 (Bellinzona)
426 565 461 596 et
486 561 593 596 Italia
619 557 784 608 (Amalti)
808 557 843 593 in
873 563 959 606 ipsis
986 555 1126 591 urbibus
1151 554 1305 590 inventa.

404 679 551 721 EPEJRA
578 682 674 728 reqia
702 677 840 714 Koch.
869 700 911 705 —-
941 677 1054 727 Long.
1084 673 1226 711 circiter
1257 676 1299 710 14
1328 671 1459 709 millim.
1490 673 1552 720 (2).

281 759 344 792 Syn.
366 756 488 794 Epeira
512 755 605 792 regia
630 757 705 782 Koch.
730 755 780 781 Die
805 753 920 781 Araclin.
945 753 985 780 XI
1009 763 1032 790 p.
1057 756 1103 780 88.
1127 752 1171 787 fig.
1196 754 1262 778 899.

419 817 431 830 «
513 805 629 841 gistlii
652 807 684 831 id.
707 803 772 831 ibid.
795 813 819 838 p.
844 806 889 831 85.
915 803 958 839 fig.
984 803 1060 830 898?

418 866 430 880 «
513 854 679 890 angulata
707 855 800 880 Walck.
825 853 880 880 Ins.
904 854 968 890 Apt.
992 851 1029 879 ΙΙ.
1053 861 1077 889 p.
1106 853 1170 879 121.
1192 849 1234 881 (nd
1259 849 1391 887 partem?

308 921 425 958 Fusca
450 918 506 957 vel
531 924 695 962 testacea,
734 916 1033 968 cephalothorace
1060 916 1293 958 convexiore,
1324 919 1423 964 parte
1454 910 1637 962 cephalica
1655 910 1771 948 antice

161 979 353 1032 paullulum
381 985 574 1031 angustata,
618 979 772 1028 pedibus
798 978 974 1020 testaceis,
1016 975 1324 1016 fusco-annulatis,
1368 972 1572 1010 abdominis
1611 970 1771 1007 humeris

161 1040 348 1092 angulatis;
373 1053 480 1089 supra
505 1040 541 1076 in
573 1051 656 1074 area
683 1037 1001 1075 ante—tuberculari
1028 1036 1233 1072 abdominis
1261 1034 1363 1071 adest
1389 1032 1587 1082 triangulus
1608 1042 1770 1080 magnus,

162 1101 197 1137 in
222 1098 341 1136 medio
368 1099 548 1148 abruptus,
574 1096 651 1134 basi
679 1097 850 1139 dilatatus,
894 1096 1033 1132 macula
1074 1095 1166 1131 inter
1202 1092 1391 1131 tubercula
1429 1090 1550 1127 media
1577 1102 1658 1126 cum
1686 1101 1772 1124 area

161 1159 357 1196 lanceolata
383 1162 540 1207 angusta,
566 1156 844 1206 albo-punctata,
868 1156 1038 1192 lateribus
1064 1152 1311 1196 sub-sinuosa,
1349 1164 1414 1201 per
1437 1162 1557 1186 aream
1589 1147 1770 1185 dorsalem

162 1218 207 1256 ad
242 1230 348 1255 anum
395 1221 554 1259 extensa,
592 1218 822 1264 conjunctu83
856 1221 983 1252 venter
1019 1212 1216 1251 tuberculis
1260 1209 1404 1248 duobus
1443 1220 1539 1259 pone
1576 1208 1770 1258 epigynen,

162 1281 263 1326 cujus
285 1290 416 1326 corpus
443 1276 568 1312 subtus
593 1274 733 1312 duabus
774 1273 1073 1324 impressionibus
1117 1270 1437 1323 longitudinalibus
1475 1266 1771 1317 sub-tripartitum

164 1344 225 1380 est,
257 1349 386 1386 scapus
429 1333 615 1372 crason-mis.
644 1358 689 1363 —
718 1343 737 1377 2
763 1334 819 1371 ad.

311 1422 434 1458 Descr.
466 1430 485 1464 ῼ
511 1423 567 1457 ad.
605 1441 651 1448 —
685 1420 830 1471 Species
856 1421 950 1464 haec,
991 1420 1075 1456 inter
1117 1418 1162 1455 Ε.
1192 1418 1399 1465 angulatum
1428 1421 1460 1451 et
1487 1414 1532 1450 E.
1560 1411 1774 1449 sehr-eibersii

161 1482 277 1525 media,
304 1483 345 1518 ab
373 1483 433 1523 illa,
462 1483 556 1529 cujus
587 1487 735 1517 ventrem
760 1487 793 1517 et
823 1482 991 1530 epigynen
1026 1481 1134 1522 habet,
1174 1492 1240 1514 non
1275 1477 1368 1512 facile
1398 1475 1611 1524 dignoscitur.
1668 1471 1774 1507 Color

162 1544 266 1591 magis
297 1548 331 1577 ut
360 1543 391 1576 in
416 1540 456 1576 E.
488 1541 707 1576 schreibersii.
775 1540 1008 1589 Magnitudine
1034 1538 1077 1574 E.
1105 1539 1279 1587 angulatae.
1315 1542 1381 1572 est:
1419 1536 1452 1570 in
1491 1535 1573 1570 meis
1611 1530 1774 1579 exemplis

164 1603 251 1651 long.
279 1600 565 1649 cephalothoracis
595 1599 692 1636 5—7
721 1601 840 1635 millim.

310 1685 660 1734 Cephalothorax
702 1685 744 1720 ad
778 1686 915 1722 sormam
942 1692 977 1721 ut
1001 1687 1031 1721 in
1059 1684 1104 1720 Ε.
1134 1683 1356 1724 schreibersii,
1385 1680 1560 1716 tuberculo
1600 1677 1773 1712 oculorum

164 1746 342 1782 lateralium
375 1753 482 1781 tamen
509 1747 612 1794 magis
653 1759 827 1794 express0‚
861 1747 1018 1787 acutiore,
1048 1751 1083 1780 ut
1108 1746 1138 1779 in
1169 1744 1213 1778 E.
1241 1743 1423 1789 angulata.
1475 1736 1774 1776 Mandibulae,

163 1806 373 1847 maxillae,
407 1806 560 1841 labium
606 1811 639 1840 et
679 1805 790 1840 oculi
835 1812 869 1840 ut
910 1807 940 1840 in
967 1806 1011 1840 E.
1045 1802 1265 1839 schreibersizss.
1326 1801 1451 1848 Palpi
1490 1799 1618 1847 apicem
1654 1807 1772 1830 versus

164 1866 274 1914 paullo
313 1867 416 1899 minus
448 1865 619 1912 angustati.
682 1863 821 1900 Pedes
862 1866 958 1900 etiam
995 1871 1030 1899 ut
1068 1865 1099 1898 in
1138 1863 1206 1904 illa,
1243 1861 1339 1910 primi
1365 1860 1454 1908 paris
1494 1854 1774 1905 ceplialothorssce

166 1938 281 1973 parum
308 1924 382 1973 plus
396 1925 487 1972 32plo
516 1925 692 1971 longiores.
746 1922 965 1959 Abdomen
995 1929 1029 1958 ut
1058 1924 1088 1958 in
1114 1923 1159 1957 Ε.
1185 1922 1367 1968 angulata,
1396 1917 1575 1953 latitud:
1594 1917 1635 1960 ⁵75
1666 1913 1774 1960 longi·

165 1984 293 2026 tudinis,
331 1983 509 2018 tuberculis
543 1983 766 2018 humeralibus
790 1983 992 2018 acutioribus
1021 1988 1054 2018 et
1079 1983 1183 2029 magis
1212 1979 1493 2028 prominentibus3
1522 1983 1636 2012 venter
1662 1972 1775 2007 tuber-

164 2044 236 2078 cula
261 2043 326 2078 duo
354 2050 387 2078 et
411 2043 547 2078 similem
577 2044 743 2091 epigynen
771 2043 880 2077 habet.

315 2128 662 2177 Cephalothorax
690 2134 872 2169 testaceus,
893 2139 985 2176 pars
1014 2125 1190 2162 thoracica
1216 2125 1369 2172 utrinque
1397 2123 1473 2156 vitta
1496 2121 1568 2162 lata,
1595 2121 1772 2154 introrsum

165 2186 305 2230 dentata,
336 2188 376 2222 ad
405 2189 657 2236 impressionem
681 2187 884 2236 cephalicam
913 2186 1102 2227 desinente,
1137 2185 1243 2226 fusca,
1277 2185 1352 2231 ipso
1381 2182 1528 2229 margine
1564 2185 1730 2218 testaceo·,
1758 2190 1775 2211 a

165 2246 260 2282 fovea
288 2247 409 2282 dorsali
438 2247 535 2282 ducta
564 2253 613 2282 est
632 2247 715 2282 linea
743 2247 990 2295 sub-geminata
1011 2245 1102 2292 nigra
1130 2243 1171 2277 ad
1200 2243 1346 2278 maculas
1375 2241 1456 2275 duas
1474 2239 1584 2274 fuscas
1611 2239 1643 2272 in
1671 2237 1773 2272 dorso

162 2311 279 2354 partis
306 2306 505 2354 cephalia-ae,
537 2319 625 2354 pone
666 2307 919 2354 impressionem
960 2311 1182 2339 transversam
1225 2302 1318 2342 sitas,
1355 2300 1439 2335 haec
1479 2312 1558 2347 pars
1599 2303 1774 2346 praeterea

167 2365 263 2400 latera
291 2365 380 2406 infra,
406 2365 545 2400 frontem
572 2366 634 2400 sub
661 2365 787 2406 oculos,
815 2371 847 2400 et
875 2364 938 2399 hos
964 2365 1057 2411 ipsos
1086 2361 1198 2396 fuscos
1230 2361 1340 2395 habet.
1407 2357 1606 2394 Sternum
1634 2357 1775 2404 nigrum,

167 2424 292 2458 macula
320 2424 402 2458 flava
429 2431 463 2458 ut
491 2425 522 2459 in
549 2425 668 2472 priore.
734 2423 1016 2458 Mandibulae
1054 2422 1184 2468 nigrae.
1224 2419 1348 2454 macula
1377 2418 1429 2453 vel
1457 2418 1532 2453 stria
1561 2422 1706 2451 testacea
1732 2414 1775 2449 ad

169 2482 270 2516 basin.
322 2481 524 2517 Maxillae
553 2489 585 2517 et
609 2483 765 2518 labium
791 2483 892 2523 fusca,
918 2483 1013 2530 apice
1032 2481 1095 2515 late
1122 2485 1277 2514 testacea.
1329 2477 1456 2525 Palpi
1482 2476 1629 2516 testacei,
1655 2475 1775 2510 articu-

168 2540 206 2575 lis
234 2554 361 2576 summo
389 2543 483 2588 apice
508 2541 623 2581 fuscis:v
646 2549 751 2589 parte
779 2540 889 2576 tibiali
916 2547 1089 2588 praeterea
1114 2539 1155 2573 ad
1185 2539 1288 2579 basin,
1317 2544 1349 2572 et
1378 2536 1504 2572 tarsali
1530 2536 1561 2570 in
1587 2534 1697 2569 medio
1724 2536 1773 2568 in-

170 2598 310 2634 fuscatis.
363 2599 504 2635 Pedes
529 2601 675 2641 testacei,
703 2600 845 2634 articulis
872 2599 942 2634 basi
969 2605 1118 2646 anguste,
1145 2597 1185 2632 ad
1211 2598 1339 2644 apicem
1357 2596 1419 2631 late
1435 2595 1552 2636 fuscis3
1582 2593 1773 2633 semoribus,
