2435 3188
735 292 817 334 322

681 405 798 434 strata«
831 398 952 439 incolit,
979 398 1064 433 nulla
1090 397 1187 444 hujus
1214 397 1345 445 generis
1371 396 1503 443 species
1531 400 1581 429 est
1608 396 1736 429 inventa
1752 394 1792 443 ⁴).
1844 394 1880 430 In
1905 396 2007 430 vicina
2037 402 2143 430 autem
2171 395 2273 430 insula

679 457 803 500 Fanni,
834 470 917 505 quae
944 470 962 492 e
987 458 1073 492 saxis
1100 457 1264 504 graniticis
1291 461 1342 490 est
1368 459 1537 493 contexta,
1566 454 1628 499 jam
1657 453 1751 488 adest
1777 454 1827 489 St.
1848 454 2025 502 paschalis
2056 456 2202 489 varietas.
2228 475 2271 482 ——-

681 516 771 552 Inter
797 530 872 552 saxa
905 515 1106 550 formationis
1136 515 1331 561 neptunicae
1361 513 1518 547 schistum
1546 521 1650 547 tamen
1680 512 1887 559 argillaceum
1915 514 2018 548 minus
2047 527 2142 561 quam
2164 520 2272 548 cetera

681 575 821 623 fugiunt,
850 576 897 609 sic
921 588 951 609 v,
978 588 1005 609 c.
1036 586 1151 608 omnes
1184 573 1324 619 species,
1353 585 1433 619 quas
1462 573 1491 606 in
1520 570 1706 605 Finmarkia
1733 570 1882 612 vidimus,
1909 573 2088 619 praecipue
2104 573 2153 607 Sc.
2172 573 2273 606 demt-

682 634 818 675 datum,
856 635 886 668 in
914 633 978 667 hoc
1006 645 1140 680 quoque
1168 644 1322 666 saxorum
1349 643 1472 678 genere
1498 628 1630 664 obviam
1660 635 1836 672 venerunt,
1863 643 2059 678 quamquam
2086 644 2187 679 saepe
2215 633 2273 665 mi·

681 706 741 728 nus
767 694 827 728 rite
855 692 996 727 evoluta.

831 827 913 862 Duo
943 829 1005 874 jam
1043 825 1267 873 praeterlapsa
1308 830 1381 859 sunt
1419 823 1549 864 secula,
1586 829 1763 871 postquam
1792 825 1923 871 species
1957 825 2117 872 quaedam
2143 824 2274 859 Stereo-

681 887 856 922 caularum
888 887 991 934 prima
1023 886 1093 919 vice
1122 885 1297 919 observata
1321 889 1387 923 est,
1421 889 1454 918 et
1483 882 1602 917 deinde
1636 888 1757 916 tantum
1790 883 1900 924 abest,
1935 890 1969 918 ut
2003 884 2044 918 ab
2084 884 2276 918 auctoribus

680 946 852 993 neglectae
879 946 956 985 sint,
994 949 1028 978 ut
1066 945 1160 978 nimis
1185 943 1252 977 sere
1280 942 1395 977 oculos
1431 942 1659 976 botanicorum
1688 941 1881 982 allicuerint,
1916 955 2017 989 quare
2057 944 2151 977 etiam
2180 943 2274 977 nimia

681 1005 768 1039 mole
795 1015 1054 1053 synonymorum
1082 1003 1209 1037 laborat
1234 1015 1311 1037 vera
1339 1014 1453 1036 eorum
1483 1001 1638 1047 cognitio.
1693 999 1817 1048 Neque
1845 1013 1923 1035 sane
1950 1007 2015 1042 est,
2055 1002 2144 1049 quod
2180 1002 2275 1036 mire-

681 1077 762 1105 mur,
789 1076 861 1098 nam
893 1062 1008 1096 eximia
1036 1074 1147 1096 earum
1177 1061 1340 1109 gracilitas
1368 1066 1401 1095 et
1425 1065 1580 1094 venustas
1607 1072 1671 1093 non
1700 1066 1812 1106 potest
1851 1060 1970 1101 facere,
1998 1061 2072 1108 quin
2101 1060 2275 1107 unusquis-

682 1135 747 1171 que
772 1122 830 1157 has
859 1127 1010 1155 accurate
1036 1120 1214 1167 inspiciens
1242 1121 1378 1154 maxima
1408 1118 1621 1153 admiratione
1649 1117 1935 1166 delectationeque
1962 1120 2116 1167 capiatur.
2168 1117 2275 1153 Pleri—

682 1194 746 1229 que
772 1187 902 1215 veteres
929 1181 1110 1227 scriptores
1142 1192 1206 1213 uno
1237 1190 1372 1226 quoque
1408 1190 1465 1212 ore
1511 1177 1568 1211 has
1610 1177 1736 1224 plantas
1777 1177 2016 1219 collaudarunt,
2054 1191 2143 1219 nam,
2172 1184 2207 1211 ut
2234 1178 2276 1212 ait

681 1239 896 1279 HAGENIUS,
933 1240 1033 1273 »inter
1058 1237 1295 1286 pulcherrimas
1323 1236 1412 1284 algas
1439 1237 1482 1271 ob
1510 1235 1733 1270 nitidissimam
1749 1236 1885 1271 formam
1900 1236 1961 1278 hic,
1986 1249 2083 1284 quem
2112 1237 2278 1278 describo,

680 1298 785 1334 lichen
816 1298 877 1333 sert
903 1298 1053 1345 palmam,
1079 1297 1260 1344 oculisque,
1287 1298 1313 1330 si
1342 1296 1521 1343 praecipue
1537 1295 1566 1329 in
1589 1294 1834 1330 fructificatione
1853 1297 2057 1338 observatur,
2084 1296 2276 1330 amoenissi-

681 1371 768 1392 mum
795 1363 888 1405 parat
914 1356 1154 1404 spectaculum,
1181 1355 1235 1389 illo
1263 1360 1401 1402 aspecto
1429 1355 1482 1388 vix
1509 1354 1673 1389 abstinere
1690 1367 1858 1401 queamus,
1880 1356 1956 1403 quin
1986 1368 2059 1389 eum
2086 1367 2147 1402 pro
2176 1367 2276 1389 vene-

680 1416 783 1451 rando
811 1417 842 1451 in
868 1416 1068 1463 amplissima
1094 1413 1279 1449 Lichenum
1307 1413 1423 1448 familia
1451 1427 1530 1448 sene
1559 1419 1729 1461 putemus,
1756 1419 1789 1448 et
1815 1427 1832 1448 e
1860 1413 1942 1449 facie
1968 1413 2147 1449 venerabili
2178 1426 2276 1448 vero-

679 1475 825 1510 similiter
850 1477 945 1509 etiam
972 1487 1092 1509 nomen
1124 1474 1300 1508 acutissimi
1328 1471 1465 1508 Linnaei
1486 1472 1663 1520 paschalis
1691 1477 1723 1506 et
1746 1472 1847 1506 nostri
1873 1471 2018 1508 Loeselii
2046 1473 2275 1521 cupressgssfor-

679 1539 743 1568 mis
772 1533 986 1569 derivandum
1014 1534 1128 1568 venit«
1170 1554 1207 1559 ‡—
1238 1531 1286 1567 At
1313 1545 1329 1566 a
1358 1532 1522 1580 principio
1550 1531 1724 1566 ordiamur.

827 1620 969 1662 Primus,
998 1626 1152 1668 quantum
1183 1621 1314 1661 scimus,
1342 1621 1394 1668 qui
1424 1619 1465 1654 de
1493 1619 1706 1654 Stereocaulo
1734 1619 1876 1667 quodam
1901 1621 2087 1654 mentionen
2113 1619 2197 1661 fecit,
2226 1625 2277 1653 est

680 1679 914 1721 LOESELIUS‚
943 1680 997 1727 qui
1022 1680 1051 1713 in
1080 1679 1179 1718 libro,
1217 1680 1270 1726 qui
1302 1679 1500 1713 inscribitur:
1537 1677 1689 1713 »Plantas
1713 1679 1742 1712 in
1766 1677 1927 1713 Borussia
1955 1685 2074 1726 sponte
2102 1683 2277 1713 nascentes

680 1753 699 1775 e
732 1740 884 1787 mscrptis
912 1739 1054 1786 parentis
1093 1738 1156 1772 mei
1191 1737 1324 1785 divulgo
1357 1736 1442 1772 Jon.
1472 1736 1690 1772 LoESELius
1721 1737 1797 1778 fit«,
1830 1751 1914 1772 anno
1942 1736 2140 1772 MDCLIV
2168 1736 2275 1777 edito,

680 1799 839 1833 Muscam,
854 1797 1151 1846 cupress‘g'formem
1168 1809 1336 1830 ramosum
1354 1802 1606 1837 commemorat,
1634 1809 1699 1843 quo
1715 1797 1864 1838 nomine,
1893 1798 1917 1831 si
1944 1795 2097 1844 Hagenio
2122 1795 2203 1830 fides
2218 1795 2275 1830 ha-

678 1857 787 1893 benda
804 1863 863 1898 est,
890 1857 939 1891 St.
960 1855 1127 1904 paschale
1151 1856 1357 1902 significatur.
1389 1854 1486 1893 Quae
1503 1862 1608 1890 tamen
1625 1855 1732 1902 planta
1749 1856 1793 1889 ob
1811 1869 1918 1889 rarum
1935 1855 2028 1902 liujus
2043 1856 2114 1891 libri
2128 1868 2272 1903 proven-

680 1923 746 1950 tum
774 1917 934 1951 botanicis
961 1916 1044 1949 illius
1072 1916 1142 1949 aevi
1171 1927 1285 1962 parum
1312 1914 1440 1948 videtur
1468 1915 1568 1949 l'uisse
1594 1915 1740 1961 cognita,
1777 1920 1811 1948 ut
1842 1916 1937 1949 etiam
1963 1914 2112 1950 DO0D11
2131 1914 2177 1962 “j
2211 1913 2273 1949 Co—

680 1976 807 2010 rallina
846 1983 1007 2009 montana
1034 1974 1249 2020 fruticosior
1288 1973 1584 2021 spermatophora,
1626 1986 1722 2021 quam
1758 1972 1831 2020 Raji
1859 1973 1956 2023 (Syn.
1987 1974 2038 2009 ed.
2067 1972 2124 2008 Ill.
2148 1987 2181 2021 p.
2211 1973 2276 2018 66)

680 2035 871 2069 auctoritate
896 2035 958 2068 nixi
986 2032 1024 2067 ad
1055 2033 1106 2067 St.
1137 2032 1343 2066 denudatum
1371 2032 1575 2067 referendam
1600 2046 1785 2067 censemus.

827 2129 960 2166 Primus
989 2136 1096 2164 autem
1125 2135 1249 2171 auctor,
1289 2130 1342 2176 qui
1383 2131 1529 2177 speeiem
1560 2130 1722 2177 quandam
1761 2130 1818 2163 rite
1847 2128 2072 2164 determinavit
2113 2129 2274 2175 cujusque

679 2203 782 2238 opera
810 2191 851 2224 ita
878 2190 1048 2224 distributa
1077 2194 1160 2229 sunt,
1189 2193 1224 2221 ut
1250 2189 1425 2235 unicuique
1450 2188 1516 2222 sere
1544 2201 1636 2222 manu
1653 2194 1760 2223 terere
1785 2189 1907 2227 liceret,
1933 2187 1989 2221 fuit
2016 2185 2275 2226 MomsoNIUS,

679 2250 733 2297 qui
761 2250 790 2283 in
817 2248 962 2283 Historia
989 2261 1045 2283 sua
1075 2248 1256 2295 plantarum
1293 2247 1464 2281 universali
1499 2245 1698 2287 oxoniensi,
1732 2261 1815 2281 anno
1843 2245 2005 2281 MDCIC
2030 2251 2107 2292 post
2133 2251 2275 2280 mortem

780 2362 799 2392 ‘)
818 2361 905 2386 Semel
925 2360 1005 2385 niodo
1025 2359 1222 2394 speciminulnm
1243 2358 1278 2385 St.
1298 2358 1436 2383 cor-alloidts
1463 2357 1486 2381 in
1515 2356 1656 2381 Gotlandia
1684 2362 1726 2381 est
1743 2356 1847 2386 lectum,
1875 2361 1901 2381 at
1918 2356 1942 2380 in
1963 2363 2027 2380 saxo
2047 2355 2180 2389 granitiw,
2201 2355 2273 2389 quod

678 2404 776 2435 dicunt,
796 2405 914 2430 erratico.

779 2459 807 2488 '‘)
827 2457 950 2482 Doomus
979 2457 1076 2481 nullum
1104 2455 1185 2481 edidit
1213 2456 1313 2483 librum,
1342 2453 1389 2479 sed
1418 2454 1467 2477 hoc
1493 2460 1586 2476 nomen
1610 2451 1736 2476 invenitur
1766 2453 1789 2476 in
1815 2450 1908 2475 „Horta
1926 2453 1989 2475 sicco
2010 2449 2112 2475 Buddſtr
2138 2463 2166 2468 —
2188 2449 2272 2475 Prima

677 2502 731 2526 vice
750 2501 814 2525 haec
835 2500 1012 2525 denominatio
1033 2500 1102 2533 typis
1122 2506 1250 2532 expressa
1277 2502 1318 2522 est
1345 2498 1368 2521 in
1398 2496 1463 2520 ΒΑΜ
1492 2495 1554 2528 Syn.
1574 2494 1613 2519 ed.
1633 2494 1665 2518 11.
1684 2493 1883 2524 (MDCXCV1)‚
1912 2502 1926 2517 a
1948 2493 2026 2518 nobis
2045 2502 2098 2518 non
2118 2493 2184 2521 visa,
2213 2498 2239 2517 at
2258 2501 2272 2518 e

678 2544 833 2569 Morusomo
854 2542 1012 2567 concludere
1030 2542 1096 2566 licet.
1134 2541 1218 2566 Atl'ert
1237 2541 1303 2565 enini
1322 2540 1363 2564 ille
1383 2544 1408 2563 ut
1430 2546 1595 2572 synonymon
1608 2536 1775 2571 *Muscosunyo
1793 2536 2085 2570 coralloidisruticosiori
2107 2535 2271 2561 ==Gorallinam

675 2586 846 2619 mont.srutic.
866 2585 931 2610 ΒΑΜ
951 2585 1025 2619 Syn·
1067 2584 1095 2609 In
1116 2584 1156 2609 ed.
1176 2584 1185 2608 Ι
1207 2588 1291 2608 autem
1311 2591 1363 2607 non
1383 2581 1460 2606 adest
1479 2585 1504 2605 et
1524 2581 1547 2605 in
1567 2580 1607 2605 ed.
1626 2579 1661 2604 ΙΙΙ
1690 2587 1785 2604 nomen
1814 2579 1837 2603 ei
1863 2579 2013 2613 impositum
2041 2578 2198 2604 Lz’clzenoidee
2224 2587 2273 2603 non

675 2629 811 2655 tubulosum
837 2631 955 2653 cinereum
982 2636 1122 2656 ramosum,
1147 2629 1224 2651 totum
1252 2628 1414 2653 crustaceum,
1443 2623 1526 2648 affixis
1555 2623 1708 2657 synonymis
1737 2621 1836 2647 Doomx
1856 2627 1881 2647 et
1900 2622 2045 2647 Morusomr
2065 2629 2112 2647 nee
2133 2630 2184 2646 non
2204 2620 2273 2645 falso

676 2673 770 2699 Periv.
789 2670 935 2705 Gazophyl-
