2435 3188
676 231 733 271 514

620 336 727 371 armis
768 335 900 372 cedere
940 334 1142 372 voluerunt.
1202 335 1350 372 Foedus
1388 340 1506 372 tamen
1533 336 1567 372 in
1593 341 1735 385 tempus
1761 336 1869 372 ictum
1897 340 1966 377 est,
1998 349 2070 385 quo
2098 336 2229 373 el-Ikh-

620 392 722 430 schid
760 394 958 436 Halebum,
986 393 1216 430 Antiochiam
1242 399 1277 431 et
1303 395 1491 431 Emessam
1526 395 1799 431 Seis-el—daulae
1824 395 2018 437 concessit,
2047 395 2123 444 ipse
2150 395 2231 431 reli-

621 465 727 502 quam
765 453 923 489 retinens
950 453 1111 501 Syriam,
1141 457 1176 490 et
1199 457 1379 502 tamquam
1407 454 1536 503 pignus
1566 454 1650 490 fidei
1681 459 1825 502 neptem
1852 467 1873 490 e
1899 453 2005 490 fratre
2033 454 2231 490 el-Hasano

622 517 739 547 natam
780 512 1032 548 Hamdanidae
1070 524 1224 548 uxorem
1258 512 1366 548 dedit.
1418 513 1496 548 Pax
1534 512 1581 547 ita
1606 513 1806 561 composita
1832 526 1905 548 non
1935 513 1995 548 diu
2024 513 2233 549 intemerata

622 570 759 606 mansit.
812 569 1044 607 El-lkhschid
1066 582 1235 619 magnum
1264 571 1466 606 exercitum
1497 570 1650 607 ducibus
1676 571 1818 607 Kafuro
1846 576 1881 607 et
1905 572 1933 607 F
1936 572 2031 608 atiko
2048 571 2233 620 mancipiis

623 628 755 665 eodem
794 642 889 665 anno
926 629 1000 664 333
1030 640 1078 663 ex
1109 628 1284 678 Aegypto
1311 629 1419 671 misit,
1448 633 1483 665 et
1515 630 1592 678 ipse
1620 630 1678 665 die
1705 630 1774 665 52ta
1801 629 2001 666 Schaabani
2027 631 2091 679 (23
2119 630 2235 666 Martii

626 688 716 736 945)
744 692 859 724 castra
886 687 1014 729 movit,
1041 687 1138 723 fratri
1171 688 1370 724 el-Hasano
1398 687 1591 724 etiamtunc
1618 701 1770 738 regnum
1798 689 2032 725 committens.
2089 689 2235 725 Seis-el-

625 746 731 782 daula
767 759 841 782 non
881 745 1002 796 segnis
1041 745 1170 789 fuerat,
1199 751 1235 783 et
1274 752 1425 796 utraque
1459 746 1555 782 acies
1582 747 1627 783 ad
1656 746 1917 792 Qennesrinam
1957 760 2053 783 arma
2079 748 2234 784 contulit.

625 806 706 849 Qua
734 806 769 841 in
797 818 917 855 pugna
936 802 1194 841 'Seis-el-daula
1216 806 1331 842 victus
1358 811 1393 842 et
1419 806 1561 854 fugatus
1588 805 1769 842 Halebum
1796 806 1920 842 amisit.
1975 807 2083 842 Anno
2113 807 2236 856 proxi-

625 877 683 900 me
714 865 880 913 sequenti
904 865 976 900 334
1004 864 1147 900 nuntius
1179 865 1224 900 ad
1252 864 1536 902 el-Ikhschidum
1564 865 1675 907 venit,
1705 865 1765 914 qui
1791 865 1974 907 indicavit,
1991 878 2123 901 novum
2151 865 2238 902 kha-

625 922 738 964 lifam,
770 923 919 959 el-Muti'
937 923 1168 972 appellatum,
1197 937 1323 960 mense
1352 923 1540 960 Schevvali
1568 923 1678 960 fuisse
1705 924 1860 960 electum
1888 937 2045 973 eumque
2065 925 2234 966 onmium,

626 995 718 1031 quae
739 984 815 1030 jam
844 982 989 1018 tenebat
1011 982 1248 1026 el-Ikhschid,
1275 983 1548 1032 possessionem
1575 984 1820 1019 confirmasse.
1874 983 2094 1019 Damascum
2121 983 2238 1019 redie-

626 1045 679 1077 rat
719 1042 903 1090 princeps,
930 1041 1054 1090 ibique
1096 1042 1228 1078 morbo
1250 1042 1343 1078 letali
1371 1046 1576 1091 correptus,
1605 1042 1663 1078 die
1690 1041 1845 1077 Veneris
1868 1043 1975 1078 :rada
2000 1041 2239 1090 Dhu-l-Hidj-

627 1100 710 1148 djae
750 1101 814 1149 (25
842 1100 925 1136 Julii
954 1101 1063 1150 946),
1092 1106 1282 1150 postquam
1316 1101 1482 1136 undecim
1515 1113 1646 1143 annos,
1671 1105 1743 1136 tres
1772 1113 1927 1137 menses·
1958 1106 1992 1137 et
2031 1101 2124 1137 duos
2163 1101 2240 1137 dies

627 1166 856 1208 regnaverat,
885 1172 979 1195 anno
1008 1160 1132 1195 aetatis
1159 1160 1392 1210 sexagesimo
1422 1160 1510 1196 obiit
1537 1165 1571 1196 et
1595 1159 1866 1208 Hierosolymis
1893 1160 2053 1209 sepultus
2078 1165 2140 1196 est.
2168 1160 2241 1196 Alii

628 1218 765 1260 dicunt,
808 1231 891 1254 eum
931 1231 1026 1254 anno
1055 1219 1128 1254 335
1156 1232 1238 1255 esse
1266 1219 1490 1261 defunctum,
1519 1223 1553 1254 et
1581 1218 1799 1255 el-Dhahabi
1826 1218 1948 1254 aetatis
1976 1231 2109 1255 annum
2135 1232 2241 1255 sexa—

628 1277 806 1326 gesimum
836 1277 965 1326 prodit.
1020 1277 1159 1314 Numus
1197 1278 1242 1314 ab
1284 1278 1570 1323 Abu-l-Qasimo
1596 1290 1691 1313 anno
1720 1278 1791 1313 334
1821 1277 1990 1314 Damasci
2019 1291 2126 1315 cusus
2153 1278 2239 1326 (vid.

628 1337 771 1378 SoRET,
799 1338 897 1373 lettre
925 1339 947 1371 ὰ
975 1339 1026 1372 M.
1055 1338 1222 1385 Satelles,
1251 1350 1329 1387 pag.
1357 1338 1422 1387 59)
1450 1350 1526 1373 rem
1555 1337 1735 1385 dijudicat.

780 1445 1011 1482 El-lkhschid
1036 1459 1103 1483 rex
1128 1447 1192 1483 fuit
1217 1447 1423 1483 fortitudine
1453 1446 1701 1495 regnandique
1729 1446 1852 1495 peritia
1877 1460 1920 1482 ac
1940 1448 2104 1496 corporis
2132 1447 2242 1483 robo-

630 1518 669 1541 re
694 1505 829 1554 ingenti
858 1505 990 1547 clarus,
1021 1518 1093 1555 quo
1119 1507 1211 1542 adeo
1241 1505 1425 1550 excelluit,
1449 1510 1486 1541 ut
1514 1518 1559 1541 ne
1591 1518 1683 1541 unus
1711 1505 1857 1554 quidem
1874 1519 1997 1542 arcum
2021 1508 2099 1554 ejus
2117 1506 2242 1542 tende-

630 1577 669 1601 re
697 1564 842 1600 valeret.
898 1566 1018 1609 Quum
1050 1577 1203 1613 magnae
1230 1569 1326 1601 esset
1351 1564 1569 1600 auctoritatis
1592 1569 1627 1600 et
1652 1564 1917 1601 inobedientiae
1935 1565 2138 1614 impatiens,
2157 1565 2243 1601 sul·-

631 1624 692 1660 diti
726 1636 809 1659 eum
845 1623 950 1659 valde
982 1623 1164 1660 timebant.
1221 1624 1371 1659 Summo
1398 1622 1561 1665 vestitus,
1593 1636 1772 1672 equorum
1801 1628 1835 1659 et
1862 1624 2116 1672 suppellectilis
2141 1624 2242 1660 luxui

630 1683 789 1724 deditus,
818 1681 935 1718 aulam
975 1682 1256 1732 comitatumque
1296 1681 1544 1732 baghdadensi
1586 1682 1662 1718 fere
1700 1683 1926 1731 superiorem
1955 1682 2092 1725 habuit,
2119 1688 2153 1719 et
2178 1695 2242 1718 nu—

630 1754 753 1778 merus
781 1740 1043 1789 mancipiorum
1068 1747 1151 1777 octo
1178 1741 1300 1783 millia,
1329 1741 1478 1777 militum
1503 1754 1592 1777 vero
1622 1741 1881 1791 quadringenta
1907 1742 2015 1778 millia
2041 1742 2159 1792 attigit.
2195 1742 2244 1777 At

630 1801 665 1836 111
699 1804 793 1836 tanta
820 1800 977 1848 potentia
1006 1804 1041 1836 et
1067 1800 1270 1849 splendoris
1306 1800 1387 1836 luce
1414 1813 1591 1849 nusquam
1620 1813 1659 1837 se
1684 1804 1797 1836 tutum
1820 1801 1974 1849 putabat.
2026 1801 2184 1837 Interdiu
2210 1805 2245 1836 et

631 1865 738 1896 nocte
768 1859 863 1895 mille
888 1859 1096 1895 satellitibus
1123 1860 1276 1901 cinctus,
1303 1859 1437 1895 nemini
1461 1859 1648 1895 confidere
1670 1864 1825 1908 poterat,
1854 1866 1890 1896 et
1916 1860 1950 1896 in
1982 1860 2143 1896 tentoriis
2170 1872 2245 1895 ser-

632 1931 760 1954 vorum
799 1917 951 1954 diversis
991 1930 1141 1967 semper
1180 1918 1398 1960 dormiebat,
1441 1930 1485 1953 ne
1522 1918 1601 1966 quis
1627 1918 1792 1955 inimicus
1821 1924 1920 1955 certo
1948 1920 2071 1961 sciret,
2099 1919 2160 1955 ubi
2186 1931 2245 1955 so—

635 1989 756 2013 mnum
785 1981 940 2025 caperet.

780 2078 939 2114 Historia
966 2077 1073 2126 hujus
1098 2079 1267 2127 principis
1291 2077 1408 2114 adhuc
1436 2079 1552 2115 numis
1579 2091 1705 2127 parum
1729 2078 1897 2114 illustrata
1925 2083 1986 2115 est.
2029 2079 2113 2115 Tria
2134 2079 2245 2115 modo

634 2139 714 2185 ejus
740 2138 953 2174 numismata
976 2137 1224 2180 innotuerunt,
1241 2138 1361 2174 omnia
1389 2151 1485 2174 anno
1513 2137 1646 2174 eodem
1675 2138 1747 2174 333
1776 2137 1926 2180 Fostati,
1955 2138 2123 2174 Damasci
2150 2143 2185 2174 et
2210 2138 2245 2174 in

635 2196 781 2232 Felistin
808 2209 903 2232 cusa.

781 2297 840 2333 De
866 2298 1020 2346 posteris
1048 2299 1127 2345 ejus
1154 2297 1250 2335 haud
1277 2299 1426 2335 multum
1454 2299 1652 2335 memoriae
1680 2298 1860 2347 proditum
1887 2303 1949 2333 est.
1993 2296 2243 2339 Aba-l-Qd-

636 2362 712 2391 sim
744 2357 987 2406 Anztdy'27r*)
1018 2358 1038 2394 i.
1068 2370 1098 2394 e.
1125 2357 1329 2394 Mahmud
1357 2371 1383 2394 s.
1413 2358 1682 2400 laudandus,
1710 2371 1804 2394 anno
1833 2357 1905 2393 319
1933 2356 2102 2392 Damasci
2126 2362 2244 2398 natus,

636 2414 725 2462 patri
755 2420 898 2451 mortuo
926 2417 1042 2452 statim
1069 2417 1104 2452 in
1130 2429 1245 2463 regno
1273 2417 1462 2458 successit,
1494 2422 1611 2453 tutore
1633 2417 1690 2452 vel
1704 2416 1871 2452 Atabeka
1885 2415 2150 2452 Abu-l-Musko
2171 2417 2246 2451 Ka-

637 2473 716 2509 furo
742 2473 814 2509 ben
837 2474 1049 2511 Abd-Allah
1077 2488 1134 2511 res
1166 2480 1330 2525 gerente,
1360 2476 1435 2524 qui,
1466 2474 1653 2511 eunuchus
1680 2475 1782 2524 niger
1809 2474 1854 2510 ab
1880 2473 2124 2510 el·Ikhschido
2152 2487 2245 2510 anno

706 2602 725 2633 ⁸)
749 2601 937 2636 Abulsaragius
965 2608 990 2628 et
1018 2602 1198 2629 Ibn-el-Athir
1224 2598 1583 2643 μμᾷρἢῖΑὶ111-1-3ᾹΙεῑιτιείι1
1604 2583 1731 2644 )>⁰··‘>j?5
1757 2612 1862 2637 semper
1881 2605 2061 2638 pronunciant⁴
