2435 3188
1684 261 1739 301 55

192 372 264 408 312
289 373 417 409 emtus,
443 370 572 402 tantam
602 363 696 413 apud
724 363 909 400 dominum
937 372 1025 397 mox
1053 360 1121 397 sibi
1145 360 1349 397 conciliavit
1376 362 1541 411 gratiam,
1570 371 1607 399 ut
1632 363 1793 400 libertate

192 431 342 466 donatus
369 424 576 462 muneribus
604 426 791 458 ornaretur
822 420 987 462 summis,
1023 424 1058 456 et
1090 419 1135 455 ab
1165 419 1411 456 el—Ikhschido
1438 421 1613 457 morituro
1640 422 1792 458 filiorum

190 487 374 525 amborum
403 487 521 520 rector
549 481 832 517 constitueretur.
887 481 970 524 Quo
1000 478 1121 514 officio
1151 478 1205 513 vir
1230 478 1425 515 ambitione
1452 479 1579 527 plenus
1606 481 1652 516 ita
1668 480 1795 530 sunge-

190 547 306 587 batur,
345 548 383 580 ut
418 554 542 592 parum
570 540 626 576 vel
653 540 770 589 potius
797 539 880 576 nihil
907 538 1087 588 potentiae
1115 536 1257 586 pupillis
1284 537 1511 587 relinquens,
1545 551 1653 575 omne
1682 541 1716 576 in
1755 554 1794 577 se

190 605 363 653 reciperet
386 599 610 651 gubernandi
636 604 671 635 et
698 611 789 635 onus
818 603 853 634 et
878 597 1088 647 praemium.
1144 596 1385 632 Successione
1412 597 1595 645 Anudjuri
1623 599 1659 634 in
1688 600 1796 648 patris

189 661 386 713 provincias
413 673 434 695 a
459 658 587 695 khalifa
610 663 684 694 rata
722 657 828 699 facta,
857 661 892 693 et
916 656 1026 693 rebus
1055 655 1185 704 Syriae
1214 655 1249 691 in
1275 655 1441 691 ordinem
1479 656 1650 699 redactis,
1679 671 1795 695 novus

186 722 351 771 princeps
385 719 574 755 comitante
602 717 742 753 Kafuro
766 718 978 765 Aegyptum
1004 714 1189 764 profectus
1214 719 1284 756 est,
1313 727 1434 764 eoque
1457 727 1583 752 mense
1605 716 1719 753 Safari
1734 730 1795 753 an—

186 781 219 817 ni
247 780 318 816 335
354 777 593 827 (Septembris
632 777 720 824 946)
748 775 853 812 venit.
909 773 1161 810 Seis-el-daula
1186 773 1336 809 simulac
1363 774 1489 816 sensit,
1518 775 1645 811 urbem
1675 776 1793 812 dama-

184 851 327 876 scenam
348 850 368 873 a
396 837 542 873 domino
570 847 651 872 esse
678 835 852 876 relictam,
881 846 960 870 eam
989 833 1102 870 statim
1136 833 1334 881 occupavit.
1375 834 1456 877 Qua
1482 846 1522 869 re
1547 834 1667 871 audita
1693 835 1794 871 Anu—

184 897 265 946 djur
291 909 358 933 una
385 909 466 931 cum
494 895 697 931 el-Hasano
726 898 853 942 patruo
882 898 917 929 et
942 892 1082 928 Kafuro
1111 891 1385 940 expeditionem
1409 892 1445 928 in
1463 893 1607 942 Syriam
1634 893 1731 936 fecit,
1758 900 1795 930 ut

184 957 274 993 hosti
301 954 544 1005 progredienti
570 953 712 989 obviam
739 953 815 989 iret.
871 951 1137 993 Seif-el-daula,
1165 951 1411 987 incursionem
1439 951 1475 987 in
1491 952 1704 1002 Aegyptum
1719 965 1794 989 me-

183 1016 312 1057 ditans,
342 1026 456 1063 usque
484 1012 695 1049 el-Ramlam
719 1014 795 1060 jam
821 1011 856 1047 in
882 1011 1009 1047 itinere
1036 1015 1263 1060 perrexerat,
1289 1010 1350 1046 ubi
1375 1010 1516 1059 proelio
1543 1011 1718 1049 adversus
1735 1026 1794 1048 co-

183 1075 258 1124 pias
290 1073 518 1123 aegyptiacas
556 1071 750 1108 commisso
784 1071 926 1121 fugatus
952 1074 1014 1106 est.
1068 1070 1246 1119 Fugatum
1277 1069 1434 1105 victores
1460 1069 1641 1106 Halcbum
1669 1084 1793 1120 perse-

182 1134 252 1169 cuti
278 1137 373 1174 sunt,
402 1136 436 1168 et
462 1131 543 1167 hinc
570 1143 685 1181 usque
713 1130 926 1179 el-Raqqam
954 1129 1113 1180 vestigiis
1143 1130 1223 1176 ejus
1250 1128 1491 1165 inhaeserunt.
1540 1129 1793 1167 Verumenim-

180 1205 268 1228 vero
311 1196 348 1227 ut
386 1203 496 1239 saepe
526 1190 610 1226 alias
640 1190 691 1226 sic
723 1190 758 1226 in
789 1189 855 1225 hac
882 1202 1029 1238 quoque
1056 1202 1096 1224 re
1122 1187 1324 1224 enarranda
1350 1187 1407 1224 alii
1434 1188 1536 1224 aliter
1561 1189 1791 1238 scripserunt.

181 1250 369 1287 El-Mesihi
395 1250 489 1286 enim
515 1249 612 1291 dicit,
636 1249 728 1285 hanc
756 1261 913 1298 pugnam
942 1248 1034 1284 inter
1060 1246 1349 1284 Seif-el-daulam
1381 1251 1416 1283 et
1437 1247 1675 1284 el-Hasanum
1692 1249 1791 1285 solos

180 1323 261 1346 esse
287 1317 496 1359 pugnatam,
525 1309 582 1345 cui
604 1308 799 1345 el-Mesudi
827 1307 972 1357 quidem
1001 1307 1198 1348 consentit,
1222 1306 1344 1342 locum
1372 1310 1493 1342 autem
1520 1308 1723 1344 certaminis
1742 1309 1791 1345 el-

181 1368 318 1416 Ledjun
355 1369 553 1405 nominans.
608 1368 753 1404 Interim
783 1367 957 1404 el-Hasan
984 1366 1128 1402 Halebo
1170 1365 1372 1401 obsidenda
1408 1371 1606 1415 occupatus
1633 1368 1790 1407 videtur.

181 1428 265 1463 dum
295 1427 465 1475 Anudjur
492 1432 526 1463 et
553 1427 683 1469 Kafur,
715 1428 935 1463 Damascum
966 1425 1089 1462 castris
1117 1425 1239 1467 motis,
1264 1424 1356 1460 hanc
1371 1425 1499 1461 urbem
1520 1431 1788 1475 recuperarunt.

181 1488 289 1523 Anno
314 1486 457 1522 tandem
482 1487 554 1523 336
580 1499 652 1535 pax
679 1486 733 1523 his
759 1485 1028 1522 conditionibus
1053 1484 1145 1520 facta
1172 1489 1242 1527 est,
1272 1489 1309 1520 ut
1334 1483 1587 1521 Seif-el-daula
1609 1485 1789 1523 Halebum

182 1546 365 1588 retineret,
404 1544 630 1582 Ikhschidida
668 1559 756 1582 vero
801 1550 956 1581 ceteram
998 1544 1141 1593 Syriam
1180 1543 1339 1580 haberet.
1395 1544 1592 1593 Postquam
1629 1545 1790 1581 Janisum

182 1605 411 1647 Munisidam,
439 1605 496 1641 vel
522 1609 560 1641 ut
584 1603 827 1641 lbn-el-Athir
853 1604 1052 1646 contendit,
1079 1603 1240 1639 Bedrum
1259 1602 1580 1646 Ikhschididimun,
1597 1604 1706 1653 vulgo
1720 1605 1789 1641 Bu-

183 1664 321 1700 deirum
348 1664 538 1712 (lunulam)
562 1664 794 1713 appellatum,
822 1664 1006 1700 Damasco
1034 1662 1299 1712 praefecerant,
1325 1662 1371 1699 ad
1395 1663 1609 1712 Aegyptum
1628 1664 1791 1700 tetende-

182 1729 271 1759 runt.
325 1723 434 1768 Quod
473 1723 539 1759 iter
575 1723 659 1759 ideo
700 1736 852 1759 necesse
888 1722 966 1765 fuit,
995 1722 1095 1772 quod
1123 1722 1266 1758 Kafuro
1295 1726 1330 1758 et
1355 1721 1556 1758 el-Hasano
1581 1722 1790 1758 absentibus

181 1782 350 1819 Ghalbun
378 1782 538 1831 quidam,
568 1782 687 1818 el-Rifi
709 1795 774 1819 seu
801 1782 960 1831 regionis
987 1782 1149 1818 littoralis
1178 1781 1362 1823 dominus,
1391 1787 1522 1817 terram
1548 1781 1709 1831 Aegypti
1726 1781 1788 1817 de-

182 1846 379 1877 vastaverat
405 1854 545 1891 suoque
569 1841 774 1889 subjecerat
799 1841 963 1891 imperio.
1018 1840 1268 1877 Redeuntibus
1282 1839 1348 1876 illis
1366 1839 1455 1889 fugit
1473 1840 1656 1883 Ghalbsm,
1680 1853 1788 1890 quem

183 1901 358 1937 el—Hasan
385 1904 530 1936 secutus
558 1900 746 1949 prehendit
773 1906 808 1937 et
838 1901 978 1937 occidit.
1034 1900 1177 1936 Eodem
1204 1900 1281 1936 fere
1306 1903 1472 1948 tempore
1502 1899 1673 1946 Anudjur
1700 1899 1789 1947 Dja-

183 1960 294 1996 farum
325 1958 569 1995 ibn-el-Fadhl
596 1960 837 1997 ibn-el-Furat
863 1960 1026 1996 vezirum
1051 1959 1273 1995 renuntiavit.
1327 1958 1362 1993 Is
1386 1970 1406 1993 e
1422 1963 1530 2004 gente
1558 1964 1676 2000 natus,
1695 1970 1787 2007 quae

183 2019 218 2055 in
245 2018 315 2054 hoc
349 2031 499 2054 munere.
526 2031 667 2054 summo
696 2019 868 2055 obeundo
896 2020 931 2055 in
960 2020 1064 2068 Iraqa
1091 2018 1336 2054 celebritatem
1365 2017 1544 2066 quandam
1569 2017 1785 2057 obtinuerat,

185 2078 351 2127 quamdiu
382 2089 532 2126 regnum
560 2079 687 2114 mansit
708 2078 1022 2120 ikhschididicum,
1051 2078 1087 2114 in
1115 2077 1236 2113 officio
1264 2088 1331 2112 suo
1361 2076 1530 2112 immotus
1557 2076 1661 2112 stetit.

334 2163 371 2199 Si
400 2168 566 2199 auctores
589 2177 721 2213 sequar
746 2165 957 2214 scriptores,
989 2176 1081 2213 quos
1107 2163 1142 2199 in
1170 2161 1383 2198 narrationis
1403 2161 1578 2209 principio
1594 2162 1783 2204 nominavi,

185 2221 268 2258 mihi
310 2221 456 2257 dubium
495 2235 567 2258 non
606 2224 686 2266 erit,
721 2224 806 2273 quin
847 2222 1114 2264 Ikhschididae,
1155 2219 1462 2270 quemadmodum
1493 2220 1549 2255 alii
1576 2219 1682 2268 hujus
1709 2221 1787 2257 aevi

184 2281 376 2329 principes,
418 2281 620 2328 praefectos
647 2283 836 2332 regionum
864 2282 1007 2331 saepius
1035 2285 1192 2316 mutasse
1256 2279 1407 2315 Narrant
1429 2279 1524 2314 enim
1554 2279 1786 2327 Anudjuirum

185 2353 278 2376 anuo
307 2341 377 2376 337
406 2339 644 2376 el-Hasanum
671 2346 834 2390 patruum
859 2340 957 2376 illum
985 2340 1156 2376 vicarium
1183 2352 1287 2375 suum
1315 2338 1486 2374 Damasci
1512 2337 1658 2380 fecisse,
1678 2351 1787 2387 quem

186 2403 310 2447 postea
348 2399 545 2435 el-Ramlae
586 2400 771 2449 praefecit,
812 2400 873 2436 ubi
900 2413 994 2436 anno
1024 2400 1096 2435 34⁶2
1124 2411 1144 2434 e
1172 2398 1242 2434 vita
1263 2397 1428 2447 migravit
1452 2402 1487 2433 et
1517 2397 1786 2446 Hierosolymis

183 2459 286 2504 juxta
311 2458 459 2507 gentiles
485 2470 571 2494 suos
598 2459 757 2507 sepultus
787 2464 850 2496 est.
904 2459 970 2494 Vir
994 2458 1057 2494 fuit
1086 2457 1204 2493 multis
1230 2462 1376 2493 ornatus
1401 2456 1605 2498 virtutibus,
1632 2455 1717 2491 belli
1732 2468 1787 2492 ar-

186 2516 280 2552 tibus
306 2516 342 2552 in
373 2517 494 2565 primis
521 2522 697 2559 versatus,
736 2518 811 2566 qui,
854 2517 1063 2554 muneribus
1091 2515 1222 2552 summi
1256 2515 1430 2551 momenti
1456 2527 1602 2564 semper
1627 2514 1784 2556 functus,

189 2574 354 2610 columen
380 2574 485 2622 hujus
514 2575 700 2623 dynastiae
726 2589 812 2612 vere
842 2576 1075 2624 appellandus
1100 2580 1163 2611 est.
1217 2574 1339 2610 Alium
1367 2574 1537 2610 Damasci
1565 2573 1785 2623 praefectum

189 2637 357 2681 regnante
394 2633 586 2681 Anudjuro
612 2633 936 2682 Abu—Schedjaum
965 2634 1128 2670 Fatikum
1150 2632 1422 2675 thesaurarium,
1451 2645 1525 2668 non
1550 2645 1632 2668 cum
1658 2631 1785 2667 Fatiko
