2435 3188
1678 262 1762 302 3149

348 378 379 400 οι.
409 366 553 401 elatum:
594 365 709 411 majus
742 363 805 411 (ad
839 363 862 399 3
898 375 976 400 unc.
1007 364 1150 413 altum),
1194 364 1350 413 podetiis
1385 365 1578 408 flexuosis,
1619 365 1816 415 apotheciis

199 423 369 472 copiosis.

351 499 408 549 Sy
419 513 448 534 n.
481 498 533 535 St.
561 499 769 533 ramnlosum
797 497 930 534 MONT.
961 500 991 534 in
1019 497 1176 534 BOURG.
1203 513 1273 535 exs.
1303 500 1320 535 l.
1352 514 1380 535 c.

344 588 380 631 β.
404 589 596 638 pumilum:
625 589 741 625 minus
767 591 901 639 (1-¹{
929 603 1008 626 unc.
1037 590 1181 639 altum),
1209 590 1364 639 podetiis
1389 590 1529 634 strictis,
1554 590 1699 626 ramulis
1727 601 1814 625 con-

195 646 302 690 fertis,
330 647 526 697 apotheciis
551 647 639 684 raris
667 647 686 684 l.
715 648 829 685 nullis.

344 721 440 772 Syn.
470 722 521 757 St.
547 720 740 770 botryosum
768 722 898 759 MONT.
927 721 1009 758 Can.
1040 737 1071 771 p.
1105 722 1174 759 117
1203 724 1302 769 (excl.
1331 725 1419 773 syn.)
1453 737 1520 758 sec.
1546 736 1639 771 spec.
1670 723 1752 769 orig.

342 811 445 848 Hab.
480 812 515 848 in
558 813 707 861 rupibus
745 814 944 850 Insularum
986 814 1262 851 Fortunatarum
1291 827 1348 850 ex.
1376 826 1427 863 gr.
1456 813 1641 849 Madeirae
1669 813 1714 849 ad
1743 813 1811 848 Rio

193 870 278 907 Frio
308 871 602 921 (Dmnfflcnsan)
632 876 667 908 et
694 872 854 909 Funchal
883 876 961 921 (sec
999 886 1096 922 spec.
1133 887 1153 909 a
1186 874 1313 910 BLYTT
1343 873 1596 922 communic.),
1639 872 1812 908 Canariae

192 929 276 965 loco
309 929 361 966 »la
388 930 545 967 Cumbre
576 931 622 966 de
654 931 787 967 Lasos«
828 931 923 967 dicto
952 932 1088 980 (WEBB
1113 946 1184 969 sec.
1214 931 1358 980 ΜοΝΤ.)
1385 936 1421 968 et
1448 932 1653 968 Teneriffae
1685 932 1720 967 in
1749 944 1811 980 pe-

192 989 299 1025 trosis
324 989 517 1025 vuleanicis
546 990 591 1026 ad
624 990 750 1026 »Selva
789 991 834 1027 de
861 991 912 1027 las
938 991 1147 1028 Mei-cedes«
1181 992 1441 1040 (BOURGEAU).
1492 992 1648 1027 Formae
1676 991 1810 1027 mixtae

193 1060 388 1084 occurrere
415 1048 590 1084 videntur.

339 1129 533 1166 Proximum
559 1132 628 1166 sine
658 1131 759 1166 dubio
784 1138 834 1167 est
862 1131 1078 1167 Stereocaulo
1112 1132 1265 1172 Vulcani,
1294 1131 1352 1167 sed
1382 1131 1569 1167 distinctum
1587 1145 1662 1167 esse
1679 1131 1809 1166 videtur

191 1189 403 1238 podetiorum
419 1192 541 1226 robore
556 1196 587 1226 et
601 1191 845 1232 ramificatione,
873 1197 1020 1226 tomento
1049 1192 1202 1232 tenuiori,
1224 1191 1468 1239 squanmlai·um
1492 1191 1602 1226 indole
1619 1198 1651 1226 et
1667 1190 1807 1238 apothe-

190 1250 249 1284 ciis
277 1250 522 1297 semiglolmsis.
580 1249 763 1285 Crescendi
790 1250 890 1284 modo
922 1249 1023 1283 forma
1052 1262 1083 1284 οι.
1111 1250 1395 1291 St‚c01·all015(les‚
1423 1250 1525 1285 forma
1554 1249 1590 1291 β.
1620 1250 1672 1286 St.
1702 1251 1807 1284 clem(—

190 1309 310 1343 datum
336 1309 479 1343 nonnihil
508 1310 538 1344 in
568 1310 758 1344 memoriam
799 1314 944 1344 revocat.
988 1330 1032 1334 —
1079 1309 1221 1343 Pocletl'a
1258 1310 1380 1343 matrici
1419 1316 1507 1344 arcte
1543 1310 1659 1344 adnata
1698 1311 1761 1356 jam
1791 1322 1807 1342 a

191 1368 261 1403 basi
288 1368 318 1402 in
342 1382 452 1403 ramos
480 1368 606 1403 validos
635 1368 859 1403 dissolvuntur
886 1375 918 1403 et
945 1367 1131 1402 sruticulum
1166 1367 1322 1409 densum,
1353 1368 1394 1402 ad
1423 1368 1444 1403 3
1471 1382 1577 1416 usque
1603 1382 1676 1403 unc.
1707 1368 1804 1402 altum

188 1426 345 1468 formant,
387 1429 441 1476 qui
483 1429 514 1462 in
553 1428 654 1462 torma
693 1439 724 1462 οι.
758 1428 802 1462 ob
830 1441 940 1463 ramos
980 1427 1214 1474 subsimplices
1253 1428 1398 1463 habitum
1433 1429 1550 1463 eximie
1578 1429 1752 1462 vimineum
1784 1427 1803 1460 l.

188 1486 314 1522 loreum
332 1488 487 1535 praebet3
514 1500 680 1522 ramorum
696 1488 809 1534 apices
825 1488 927 1522 erecti
954 1487 971 1521 Ι.
997 1493 1158 1527 nutantes,
1183 1500 1285 1535 saepe
1307 1487 1644 1535 sore‹ssliato—capitati;
1673 1492 1801 1520 tomen-

189 1551 256 1581 tum
274 1552 389 1588 tenue,
413 1547 595 1586 cinereum,
617 1546 687 1582 basi
710 1559 921 1581 evanescens.
976 1545 1215 1593 Phyllocladia
1242 1547 1344 1594 vulgo
1369 1547 1586 1594 persistenter
1606 1556 1804 1584 verrucosa,

187 1605 345 1647 conferta,
373 1605 750 1646 albido-cinerascentia,
776 1611 882 1640 aetate
899 1606 1031 1640 omnino
1058 1606 1198 1640 cinerea.
1258 1605 1467 1654 Cbphczloclia
1494 1619 1560 1639 non
1587 1605 1666 1639 visa.
1708 1603 1803 1651 Apo-

187 1664 296 1700 thecia
332 1665 492 1705 solitaria,
525 1664 619 1699 diam.
651 1665 727 1699 circ.
761 1666 796 1712 Ῑὲ
823 1678 864 1698 m.
893 1678 952 1706 m.,
988 1664 1130 1699 lateralia
1165 1665 1200 1711 (l.
1237 1666 1402 1700 rarissime
1437 1663 1649 1711 terminalia),
1690 1662 1802 1697 discus

188 1725 293 1772 primo
321 1724 438 1771 planus
465 1730 498 1759 et
525 1725 671 1771 margine
698 1725 907 1772 prominente
935 1722 1045 1758 albido
1072 1724 1208 1765 cinctus,
1240 1737 1317 1758 mox
1344 1730 1452 1758 autem
1481 1724 1628 1770 margine
1663 1722 1799 1757 excluso

188 1783 500 1831 haemisphaericus,
527 1783 720 1818 fusco-ater.
776 1783 861 1817 Asci
880 1783 1034 1829 elongati,
1063 1783 1214 1830 6-spori3
1241 1796 1363 1831 sporae
1380 1784 1451 1818 basi
1475 1788 1670 1823 attenuatae,
1696 1782 1800 1815 luteo—

188 1843 253 1885 lae,
283 1844 463 1884 0‚038-48
490 1856 531 1877 m.
562 1857 601 1877 m.
636 1843 756 1889 longae
787 1848 819 1877 et
853 1847 1055 1883 0‚0035<--40
1082 1855 1123 1875 m.
1153 1856 1193 1875 m.
1224 1841 1317 1877 latae.
1387 1841 1638 1890 Spermogonia
1671 1842 1799 1888 apicem

187 1915 303 1938 versus
331 1901 542 1950 podetiorum
562 1903 709 1937 verrucis
731 1902 900 1942 immersa,
927 1902 1104 1949 spermatia
1133 1901 1275 1943 linearia,
1301 1901 1445 1941 curvula,
1472 1900 1612 1949 hyalina,
1640 1902 1800 1941 Omna-S

187 1974 228 1996 m.
254 1974 296 1995 m.
326 1961 433 2009 longa.

333 2033 432 2069 Obs.
484 2033 603 2068 Paullo
636 2039 714 2081 post
750 2032 870 2068 editam
907 2032 1231 2068 Commentationem
1259 2039 1405 2068 nostram
1446 2032 1487 2068 de
1515 2033 1564 2067 his
1592 2032 1711 2080 plantis
1740 2045 1801 2079 per

187 2093 308 2128 litteras
337 2093 501 2128 benevole
529 2093 626 2128 nobis
664 2093 919 2127 communicavit
950 2091 1023 2127 Cel.
1054 2091 1303 2128 TUCKERMAN
1344 2093 1515 2140 specimen
1558 2092 1716 2139 originale
1744 2090 1797 2126 St.

187 2151 503 2200 sphaeroplzoroz'dis
521 2151 568 2198 ⁴⁸),
593 2151 684 2199 quod
717 2152 876 2186 certiores
899 2165 960 2186 nos
989 2152 1082 2193 fecit,
1121 2151 1205 2186 hanc
1230 2152 1376 2198 speciem
1415 2150 1554 2185 eandem
1583 2164 1622 2185 ac
1650 2156 1797 2185 nostrum

190 2210 243 2247 St.
272 2212 457 2260 leporinum
484 2224 570 2246 esse.
632 2208 728 2248 Quae
770 2223 871 2258 quum
902 2212 944 2246 ita
975 2211 1054 2252 sint,
1095 2211 1355 2258 antiquissimum
1388 2209 1494 2244 hocce
1526 2223 1645 2244 nomen
1678 2211 1797 2244 ceteris

188 2271 426 2305 recentioribus
450 2276 499 2305 est
527 2269 791 2317 praeferendum.

338 2359 359 2395 f.
411 2362 530 2410 Stirps
556 2362 608 2397 St.
644 2363 823 2397 denudati.-
861 2359 1016 2408 podetiis
1044 2359 1208 2396 solitariis
1233 2358 1254 2394 l.
1284 2358 1509 2407 caespitosis,
1536 2358 1670 2409 glabris
1696 2358 1716 2394 l.
1745 2363 1798 2394 to-

190 2421 310 2453 mento
349 2424 584 2456 evanescente
621 2419 640 2455 l.
682 2420 895 2468 persistente
919 2431 1007 2454 mox
1045 2418 1164 2460 tectis;
1203 2417 1457 2466 phyllocladiis
1484 2417 1686 2467 granulatis.
1712 2417 1797 2453 sub-

191 2474 360 2525 globosiS,
388 2477 487 2525 apice
521 2477 915 2528 rotundato-depressis
940 2482 976 2514 et
1001 2477 1162 2527 margine
1189 2477 1415 2526 prominente
1446 2476 1584 2518 cinctis;
1625 2475 1794 2526 cephalo-

293 2606 312 2638 ')
331 2605 419 2631 Patria
437 2607 472 2632 St.
490 2608 724 2643 sphaeroplzorm‘dis
741 2612 791 2637 hue
809 2620 895 2646 usque
914 2611 962 2637 fuit
980 2611 1123 2647 incognita.
1159 2611 1308 2646 Exemplari
1329 2620 1344 2638 a
1363 2611 1416 2638 Cel.
1436 2613 1611 2640 Tucxssnmiss
1640 2613 1723 2639 misso
1751 2612 1797 2639 ad-

190 2649 316 2684 scriptum
335 2654 402 2675 erat:
428 2649 466 2675 -1n
485 2656 573 2677 monte
592 2653 722 2686 ignivomo
742 2653 798 2679 Iud.
818 2653 926 2680 Oecid.?
943 2655 1008 2681 Rev.
1027 2655 1054 2680 L.
1074 2654 1240 2681 Gonnum.-
