2435 3188
1651 270 1728 310 351

323 399 354 421 oe.
384 386 534 421 validum
562 384 698 420 must:
734 381 865 417 elatum
902 381 941 427 (2
967 392 1045 415 une.
1074 383 1109 415 et
1135 379 1225 414 ultra
1251 378 1394 427 altum),
1429 375 1583 426 podetiis
1618 375 1789 411 crassius-

174 444 270 486 culis,
300 442 549 493 phyllocladiis
577 441 724 491 magnis,
753 439 976 481 subscutatis,
1006 438 1218 488 aggregatis.

14 534 15 549 ¹
323 518 423 566 Syn.
465 516 517 552 St.
553 516 761 549 denudatum
798 514 828 548 b.
861 513 1010 547 validum
1053 510 1178 546 LAUR.
1214 513 1244 545 in
1278 509 1346 544 FB.
1380 508 1474 543 Lich.
1509 506 1591 542 Eur.
1629 520 1659 554 p.
1699 506 1787 539 ²205:

224 575 404 611 mmmm.
434 574 454 609 l.
483 589 525 610 cc.
554 573 642 609 Fw.
670 573 688 607 l.
719 586 746 607 c.

320 666 357 709 β.
384 681 571 702 commune.-
598 664 730 701 humile
759 666 884 713 (3—13
909 676 988 699 unc,
1018 662 1153 712 altum),
1183 661 1336 711 podetiis
1364 658 1565 710 gracilibus,
1590 654 1788 706 phyllocla-

175 725 241 762 diis
268 726 476 767 minoribus,
504 723 782 765 subrotundatis,
808 722 1024 773 glomeratis.

384 808 439 831 οισι.
469 804 564 830 tenue
592 794 728 830 LAUR.:
758 792 912 842 podetiis
934 790 1205 827 ramosioribus.

385 868 482 917 Syn.
511 867 655 910 Lina„
682 867 858 903 RABENn.
889 874 921 902 et
950 866 1020 901 Tu.
1049 866 1116 901 FP..
1143 867 1172 900 ll.
1201 879 1267 905 cce„
1294 864 1382 899 Fw.
1414 863 1431 897 l.
1461 875 1487 896 c.
1516 875 1545 895 n.
1579 859 1622 893 10
1648 869 1678 892 οι.
1714 859 1742 891 1.

389 936 482 971 Exs.
510 935 599 970 FW.
628 935 673 970 D.
701 935 742 970 L.
772 950 802 971 n.
835 936 878 970 15
903 935 945 970 Β.

385 1006 450 1048 ββ.
482 1008 669 1053 (lignatum
708 1006 848 1042 LAUR.:
890 1004 1044 1054 podetiis
1084 1001 1377 1053 simplicioribus,
1420 1012 1576 1049 superne
1618 994 1788 1045 ‹ligitatim

278 1078 439 1102 ramoffls.

388 1139 484 1189 Syn.
511 1138 650 1181 Lunx„
677 1137 855 1173 RAssmm.
884 1143 915 1172 et
944 1136 1013 1171 Tu.
1043 1136 1111 1171 Fn.
1139 1136 1168 1170 ll.
1195 1149 1262 1175 ccc,
1290 1134 1379 1169 Fw.
1409 1135 1428 1168 l.
1456 1147 1483 1168 c.
1507 1147 1536 1167 n.
1569 1132 1621 1166 16.
1649 1143 1680 1165 οι.
1706 1130 1739 1164 3.

386 1212 480 1247 Exs.
511 1211 599 1246 FVV.
629 1209 675 1245 D.
707 1209 746 1245 L.
777 1224 804 1244 n.
837 1210 877 1244 15
904 1208 943 1243 C.

323 1304 599 1352 v.p21lz¹i71atztrtc
628 1301 842 1348 (SCHAER.):
879 1299 1034 1348 podetiis
1070 1297 1210 1348 pumilis
1249 1297 1284 1333 in
1319 1309 1439 1332 ramos
1478 1295 1790 1345 fiastigiato-ramo-

177 1362 348 1403 sissimos,
377 1361 481 1397 valde
504 1360 686 1396 intricatos
708 1373 728 1396 a
754 1359 834 1396 basi
861 1359 996 1401 solutis,
1025 1356 1277 1407 phyllocladiis
1302 1355 1504 1406 granulosis
1532 1353 1711 1390 consertis.

328 1440 424 1490 Syn.
455 1439 684 1488 St-paschale
713 1457 734 1474 ε.
755 1440 979 1488 pvlz'lnatnm
1000 1438 1170 1474 SCHAER.
1186 1436 1280 1485 Spic.
1299 1451 1331 1485 p.
1349 1437 1420 1472 274
1438 1442 1470 1470 et
1485 1436 1558 1471 276
1582 1439 1665 1479 (sec.
1685 1434 1792 1478 Fvv.)

325 1509 377 1544 St.
407 1509 617 1543 denudatam
642 1508 673 1543 d.
705 1517 919 1556 compactum
949 1508 1037 1543 FW.
1068 1507 1171 1542 Flora
1202 1506 1296 1540 1836
1324 1505 1434 1541 Beibl.
1460 1520 1491 1554 p.
1510 1505 1584 1546 55.;
1612 1503 1789 1538 HABENH.

225 1574 258 1604 et
284 1566 434 1604 Koma.
464 1568 493 1602 ll.
524 1581 571 1602 cc.

326 1637 378 1673 St.
409 1638 613 1672 corallimcm
640 1635 676 1677 β.
696 1638 920 1686 pulvinatum
950 1636 1127 1673 RABENH.
1155 1636 1201 1672 D.
1220 1635 1347 1671 Kr.Fl.
1374 1635 1413 1670 II.
1440 1649 1472 1683 p.
1505 1635 1591 1675 1123
1619 1632 1791 1668 SCHAER.

227 1695 346 1731 Enum.
375 1711 407 1745 p.
441 1697 520 1731 180.

329 1768 381 1803 St.
411 1769 619 1803 denudatum
642 1781 671 1811 Ὺ.
695 1768 919 1816 pzllvinatzcm
946 1773 978 1802 et
1006 1766 1019 1781 ⁸*
1037 1775 1250 1815 compactum
1281 1766 1369 1801 FVV.
1401 1766 1417 1800 l.
1443 1779 1470 1800 c.
1497 1779 1527 1799 n.
1560 1764 1604 1798 16
1631 1776 1660 1806 Ὺ.

326 1861 431 1898 Hab.
459 1861 493 1897 in
523 1860 672 1909 rupibus
700 1873 872 1896 saxorum
890 1860 1155 1909 plutonicorum
1177 1857 1372 1907 subalpinis
1397 1861 1432 1892 et
1455 1853 1794 1904 septentrionalibus

183 1933 296 1970 usque
332 1920 376 1956 ab
411 1920 534 1956 insulis
576 1919 913 1969 Spitsbergensibus
949 1919 1163 1967 (KfflLnAu)
1206 1930 1271 1966 per
1302 1916 1495 1952 maximam
1534 1914 1794 1950 Scandinaviae

182 1985 327 2028 partem,
359 1979 544 2020 Fenniam,
572 1979 738 2020 scotiam,
766 1978 1008 2020 Germaniam,
1033 1977 1195 2018 Galliam,
1226 1981 1367 2011 montes
1394 1976 1607 2023 Pyrenaeos
1635 1979 1700 2009 etc.
1755 1973 1793 2008 In

183 2039 353 2074 Amerina
393 2038 662 2087 septentrionali
700 2037 857 2073 occurrit
883 2050 902 2073 a
932 2036 1180 2073 Groenlandia
1212 2035 1246 2071 in
1275 2034 1413 2070 Novam
1446 2033 1629 2083 Anglium,
1667 2032 1727 2068 ubi
1760 2031 1793 2067 in

185 2097 358 2133 montosis
387 2104 440 2133 est
467 2097 613 2146 vulgare
643 2102 677 2132 et
701 2097 735 2132 in
760 2097 929 2146 regiones
946 2095 1151 2144 subalpinas
1167 2094 1353 2130 adscendit
1379 2095 1664 2141 (TUCKERMAN).
1706 2091 1795 2126 For-

187 2168 266 2191 mae
290 2156 421 2192 mixtae
452 2169 561 2204 saepe
593 2161 806 2197 occurrunt,
842 2171 875 2191 a.
905 2155 993 2191 locis
1021 2155 1133 2203 magis
1168 2152 1387 2189 absconditis
1412 2157 1447 2187 et
1472 2151 1613 2201 irriguis
1642 2156 1675 2186 et
1702 2166 1730 2194 Ὺ.
1759 2150 1792 2185 in

187 2214 311 2262 alpinis
338 2228 394 2251 ex.
423 2228 473 2265 gr.
504 2215 662 2257 Silesiae,
691 2214 950 2250 Scandinaviae
979 2227 1008 2249 e.
1038 2227 1064 2249 s.
1092 2226 1123 2262 p.
1154 2236 1198 2240 —-
1226 2212 1347 2248 Semel
1374 2211 1496 2252 modo,
1525 2215 1693 2259 quantum
1722 2209 1792 2245 sci-

189 2284 276 2313 mus.
303 2273 338 2308 in
369 2273 466 2309 calce.
490 2287 509 2309 a
535 2274 606 2310 Cel.
634 2274 886 2311 Fmossssfflffl‘r
916 2273 1011 2308 circa
1038 2272 1188 2307 Eiflliam
1218 2276 1272 2307 est
1301 2271 1500 2311 inventum;
1534 2270 1568 2305 in
1595 2268 1798 2305 Finmarkia

191 2330 349 2367 orientali
372 2332 539 2368 schistum
565 2333 795 2382 argillaceum
823 2345 896 2368 non
922 2344 1004 2367 raro
1034 2331 1287 2367 inhabitantem
1318 2329 1600 2365 observavimus.

333 2422 476 2471 Spei-ies
509 2425 603 2461 valde
631 2433 748 2474 protea
784 2426 845 2461 sed
872 2432 979 2460 tamen
1013 2425 1123 2460 habitu
1156 2424 1312 2472 peculiari
1338 2430 1370 2458 et
1397 2424 1483 2457 notis
1511 2422 1668 2469 gravibus
1697 2421 1797 2468 vulgo

194 2480 286 2514 facile
313 2481 471 2518 distincta.
501 2506 544 2510 —
578 2486 719 2520 Pocletia
749 2486 871 2520 matrici
901 2491 991 2519 arcte
1023 2484 1150 2524 adnata,
1191 2482 1298 2517 albida
1341 2482 1358 2516 l.
1402 2481 1522 2529 pallide
1548 2482 1694 2521 cinerea,
1729 2481 1798 2515 basi

193 2538 427 2581 suscescentia,
455 2543 604 2589 apicibus
633 2545 734 2592 vulgo
763 2544 956 2592 glomerulis
990 2541 1415 2590 sorediato-pulverulentis
1443 2541 1460 2575 l.
1490 2540 1675 2588 granulosis
1711 2541 1800 2574 cine-

195 2598 259 2631 reis
283 2599 466 2640 terminata,
491 2602 600 2647 paullo
629 2616 728 2650 snpra
756 2603 849 2637 basin
874 2604 903 2637 in
929 2616 1038 2637 ramos
1070 2602 1191 2642 divisa,
1230 2615 1247 2636 e
1277 2602 1397 2648 quibus
1424 2602 1454 2635 in
1481 2613 1513 2635 οι.
1543 2612 1659 2634 omnes
1685 2611 1801 2633 excre-

194 2662 298 2697 scunt,
323 2657 353 2690 in
380 2654 416 2696 β.
444 2660 586 2693 nonnulli
616 2662 733 2706 (ceteri
759 2661 851 2708 quasi
877 2667 1020 2696 crustam
1048 2662 1285 2696 subsoliacearn
1312 2662 1399 2695 saxis
1427 2659 1621 2707 adpressam
1648 2658 1802 2702 formant)
