2435 3188
1653 247 1706 287 89

383 352 441 400 sp.
470 352 502 386 4.
558 349 812 385 SISYPHIUS.
841 362 873 398 p.
903 349 960 384 54.
989 348 1039 384 Pl.
1066 349 1098 383 3.
1126 348 1196 384 tab.
1225 349 1258 384 5.

236 442 296 473 Syn.
321 441 452 467 Arunva
476 443 592 465 notata
619 440 688 464 Lim».
712 438 782 473 Syst.
806 437 870 464 Nat.
897 436 944 464 Ed.
973 439 1015 464 10.
1040 437 1058 464 l.
1083 446 1106 473 p.
1132 440 1202 467 6212
1233 437 1279 464 l⁴]‹l.
1306 440 1349 464 12.
1372 446 1395 473 p.
1424 440 1506 464 1033.

526 498 539 513 «
632 490 664 514 id.
708 487 794 515 Faun.
816 487 892 514 Suco.
917 486 966 513 Ed.
991 490 1014 513 2.
1041 495 1064 522 p.
1089 489 1155 513 489.

321 536 520 564 Theridium
544 545 723 564 nervosum
752 537 847 563 Walck.
872 536 925 563 Ins.
950 536 1013 572 Apt.
1039 536 1075 563 II.
1099 545 1123 572 p.
1148 538 1214 562 302.

744 587 828 612 Halm.
851 585 902 613 Die
926 585 1044 612 Arachu.
1068 585 1105 612 II.
1129 595 1152 621 p.
1179 588 1223 612 48.
1247 585 1291 621 fig.
1319 588 1382 613 133.

545 634 707 671 Sisyphus
744 635 825 662 Sund.
849 635 910 661 Act.
935 634 1028 662 Holm.
1056 637 1140 662 1831.
1164 644 1188 671 p.
1217 637 1280 662 115.

745 685 820 711 [soen.
847 683 896 711 Die
918 684 1037 712 Arachn.
1062 684 1141 711 VIII.
1164 693 1189 720 p.
1215 686 1259 711 73.
1282 683 1327 719 fig.
1352 688 1416 712 645.

746 735 836 760 Westr.
860 733 922 760 Act.
945 733 1066 761 Gothob.
1093 736 1176 761 1851.
1199 743 1224 770 p.
1249 736 1293 761 39.

580 806 822 856 [THEmmUM
848 806 973 856 sisyp
983 805 1023 842 hi
1033 818 1098 842 um
1125 807 1328 858 (Clerclc)]

293 921 434 960 Jamdiu
460 920 554 957 bene
579 922 722 971 cognita
747 923 898 971 species.
929 945 975 949 ——
1006 923 1207 959 Permirum
1236 922 1321 959 mihi
1344 923 1494 966 videtur,
1524 936 1652 962 omnes
1673 927 1760 963 scri-

151 987 279 1032 ptores,
310 982 369 1031 qui
396 993 528 1016 nomen
542 981 621 1027 ejus
639 980 888 1023 adhibuerunt,
917 995 1046 1018 vocem
1072 984 1218 1032 sisyphi
1243 983 1332 1018 alios
1346 983 1382 1019 in
1407 985 1596 1033 Sisyphum
1613 985 1758 1033 (subst.)

149 1042 236 1078 alios
261 1053 347 1077 vero
378 1040 414 1076 in
443 1040 619 1089 sisyphum
649 1040 706 1076 vel
743 1042 911 1090 sisiphum
939 1041 1040 1089 (adj.)
1068 1042 1356 1078 commutavisse.
1425 1043 1673 1087 Quamobrem
1713 1045 1759 1080 ita

149 1101 304 1142 fecerint,
333 1112 476 1136 causam
508 1111 581 1135 non
609 1098 727 1136 video.
791 1100 855 1136 Est
892 1101 1066 1150 sisyphius
1107 1114 1240 1137 nomen
1282 1101 1509 1149 adjectivum,
1557 1116 1577 1138 e
1611 1104 1758 1139 nomine

148 1159 293 1209 proprio
333 1160 475 1209 Sisyphi
511 1159 717 1201 formatmm
759 1172 831 1209 quo
868 1161 973 1196 etiam
1013 1160 1137 1209 optimi
1172 1161 1347 1196 latinitatis
1381 1166 1550 1198 auctores
1584 1163 1638 1198 usi
1665 1168 1755 1204 sunt,

148 1231 205 1255 ex.
232 1232 281 1267 gr.
316 1218 481 1260 Ovidius,
504 1218 720 1267 Propertius.
771 1219 945 1255 Nimirum
981 1219 1102 1256 datum
1131 1225 1184 1256 est
1212 1220 1282 1256 hoc
1307 1233 1441 1256 nomen
1470 1221 1663 1258 araneolae
1691 1235 1756 1258 no-

146 1283 239 1314 strae
266 1282 412 1327 propter
437 1277 628 1319 abdomen,
658 1282 694 1313 ut
718 1277 754 1313 in
779 1283 850 1314 tam
879 1279 1015 1329 exiguo
1044 1292 1210 1328 corpore,
1248 1292 1335 1315 sane
1372 1280 1509 1330 ingens,
1546 1281 1646 1330 quod
1681 1294 1757 1318 me-

149 1337 295 1372 moriam
323 1337 462 1373 fabulae
502 1336 594 1373 illius
635 1337 680 1373 de
718 1337 888 1386 «Sisyphi
916 1351 1032 1374 saxo»
1072 1338 1175 1375 facile
1202 1339 1313 1374 affert.
1384 1340 1505 1384 Quum
1531 1340 1638 1390 igitur
1661 1341 1757 1377 nulla

147 1401 201 1432 est
227 1409 342 1437 causa,
371 1409 435 1432 cur
461 1397 640 1432 CLERCKH
667 1409 801 1433 nomen
829 1402 1018 1439 mutemus,
1061 1403 1098 1434 ut
1123 1398 1153 1434 is
1193 1398 1343 1446 scripsit,
1382 1398 1427 1434 ita
1469 1399 1574 1436 nobis
1609 1412 1756 1449 quoque

147 1455 376 1491 scribendum
401 1455 470 1491 hoc
496 1468 627 1491 nomen
657 1460 720 1492 est.

374 1603 433 1649 Sp.
462 1603 493 1636 5.
548 1600 819 1637 FORMOSUS.
850 1614 882 1650 p.
911 1601 970 1637 56.
999 1601 1048 1637 Pl.
1073 1602 1105 1637 3.
1135 1601 1203 1638 tab.
1234 1602 1267 1638 6.

295 1715 456 1751 Varietas
482 1720 614 1751 tantum
646 1717 759 1752 lanati
786 1718 853 1765 (sp.
880 1717 927 1763 3),
957 1730 1064 1766 quem
1094 1717 1185 1752 vide.

376 1860 434 1907 Sp.
469 1860 499 1894 6.
555 1859 762 1896 OVATUS.
793 1873 824 1909 p.
855 1862 912 1896 58.
940 1861 989 1897 Pl.
1018 1862 1050 1897 3.
1080 1862 1148 1898 tab.
1178 1863 1210 1898 S.

375 1944 432 1992 Sp.
462 1945 493 1980 7.
547 1944 820 1981 REDIMITUS.
850 1959 880 1995 p.
912 1947 968 1982 59.
999 1947 1047 1983 Pl.
1078 1948 1110 1983 3.
1138 1948 1207 1984 tab.
1241 1949 1273 1984 9.

374 2029 433 2077 Sp.
464 2030 494 2064 8.
549 2029 795 2067 LlNEATUS.
827 2044 859 2080 p.
892 2032 949 2067 60.
977 2033 1027 2068 Pl.
1057 2033 1089 2068 3.
1119 2033 1186 2068 tab.
1218 2034 1272 2068 10.

230 2120 292 2150 Syn.
317 2118 447 2144 Arnum
472 2118 631 2146 redimita
655 2121 726 2146 Lina.
749 2120 820 2156 Syst.
845 2121 910 2148 Nat.
937 2121 982 2148 lid.
1012 2125 1051 2148 10.
1076 2122 1096 2148 l.
1120 2131 1143 2157 p.
1169 2124 1240 2153 (3213
1265 2120 1315 2148 Ed.
1342 2123 1384 2147 12.
1407 2130 1431 2158 p.
1459 2124 1542 2148 1032.

677 2172 708 2195 id.
746 2169 830 2197 Faun.
854 2171 929 2197 Suco.
957 2170 1003 2197 Ed.
1030 2175 1052 2198 2.
1074 2180 1098 2207 p.
1124 2173 1189 2197 488.

469 2221 635 2244 coronata
657 2219 694 2244 De
715 2219 787 2246 Geer.
811 2219 894 2247 Mem.
918 2219 982 2246 VII.
1006 2229 1030 2256 p.
1048 2223 1113 2247 242.
1136 2219 1171 2256 pl.
1200 2222 1241 2246 14.
1265 2219 1328 2254 figg.
1354 2222 1460 2246 4—12.

314 2264 512 2292 'theridium
536 2265 702 2294 lineatum
731 2269 824 2295 Walclc.
848 2268 903 2296 Ius.
927 2269 990 2305 Apt.
1015 2269 1052 2296 Π.
1076 2278 1100 2305 p.
1124 2272 1190 2296 285.

533 2319 668 2343 ovatum
692 2317 772 2344 Sund.
797 2319 857 2345 Act.
883 2317 974 2345 Holm.
1002 2321 1084 2346 1831.
1108 2327 1132 2355 p.
1159 2320 1222 2344 113.

534 2364 730 2393 redimitum
752 2367 836 2394 Hahn.
860 2367 911 2394 Die
934 2366 1051 2394 Arachn.
1076 2366 1097 2394 Ι.
1121 2376 1146 2404 p.
1171 2369 1216 2394 86.
1240 2367 1284 2404 fig.
1310 2370 1355 2394 65.

755 2417 831 2443 Koch.
854 2415 918 2443 ibid.
941 2416 1006 2443 XII.
1029 2425 1053 2453 p.
1080 2419 1143 2443 133.
1167 2416 1230 2452 figg.
1253 2418 1460 2444 1053—1055.

759 2466 849 2492 Westr.
873 2465 933 2492 Act.
957 2465 1076 2493 Gothob.
1104 2468 1187 2493 1851.
1210 2475 1235 2503 p.
1261 2468 1306 2493 39.

586 2535 828 2583 [Tr-{mmmm
855 2537 916 2573 lin
925 2550 945 2574 e
954 2542 1024 2574 atu
1034 2551 1068 2574 m
1098 2538 1303 2589 (Clerck.)]

1560 2670 1604 2703 12
