2435 3188
731 272 816 313 274,

676 392 779 414 nervo
805 378 896 413 viridi
921 379 1113 420 instructae,
1139 378 1293 418 lineares,
1320 382 1451 417 acutae,
1485 375 1656 423 pedicellis
1695 375 1866 411 fructiferis
1893 377 1945 411 vix
1983 375 2037 410 vel
2065 375 2174 422 paullo
2201 376 2278 410 bre-

677 439 796 473 viores.
850 438 970 472 Flores
999 438 1099 485 parvi,
1140 435 1204 471 albi
1246 436 1299 471 vel
1332 435 1516 469 albo-rosei
1543 434 1596 469 vel
1622 433 1721 469 dilute
1748 435 1904 476 violacei,
1931 436 1984 483 api
2052 434 2276 468 obscuriores.

679 497 807 545 Sepala
831 498 969 537 minuta,
997 495 1120 536 albida,
1145 495 1286 529 caduca.
1311 492 1619 533 rotundato-ovata,
1647 492 1922 535 lacero-dentata,
1949 493 2147 541 pedicellum
2174 493 2278 527 latitu-

679 555 754 591 dine
782 555 944 602 (corollae
971 556 1050 589 tubo
1079 555 1284 601 angustiora)
1311 558 1343 587 et
1371 558 1496 587 sextam
1530 557 1656 599 partem
1690 552 1834 586 corollae
1869 552 2071 600 longitudine
2097 552 2277 599 aequantia.

679 615 842 650 Petalam
869 619 1027 662 superius
1051 627 1125 648 cum
1153 612 1271 646 calcari
1310 611 1506 646 brevissimo
1541 610 1781 645 suborbiculari
1821 611 1929 645 album
1966 611 2018 646 vel
2050 611 2279 645 albo<roseum

680 674 733 709 vel
760 673 1024 714 subviolaceum,
1065 673 1160 719 apice
1201 683 1345 718 superne
1382 670 1486 717 gibbo
1523 668 1616 703 viridi
1645 670 1854 711 instructum,
1889 671 1943 717 qui
1977 671 2178 717 marginibus
2209 669 2281 703 latis

681 732 962 781 patenti-reflexis,
990 744 1152 765 summum
1181 731 1308 777 apicem
1338 729 1582 776 attingentibus,
1622 728 1704 762 albis
1743 728 1796 763 vel
1823 729 2007 764 alboroseis
2034 730 2087 764 vel
2114 729 2280 769 violaceis,

682 792 831 838 cingitur.
886 790 1042 824 Petalum
1072 789 1222 836 'iuferius
1254 788 1322 823 fere
1356 788 1493 829 lineare,
1521 787 1850 829 subcanaliculatum,
1892 790 1986 835 apice
2026 788 2151 823 inferne
2178 787 2282 835 gibbo

684 850 775 885 viridi
807 851 1008 890 instructum,
1036 861 1134 896 quem
1164 848 1328 894 margines
1357 847 1450 887 latae,
1477 846 1619 893 patulae,
1646 860 1808 881 summum
1837 847 1965 894 apicem
1993 848 2205 894 attingentes,
2238 844 2283 878 al·-

684 908 780 944 bidae
806 908 857 942 vel
884 908 982 942 dilute
1006 907 1184 947 violaceae,
1211 907 1354 952 cingunt.
1410 905 1530 940 Petala
1554 910 1719 940 interiora
1746 905 1870 947 albida,
1898 906 1991 953 apice
2028 911 2284 952 atro—purpurea

684 968 736 1002 vel
764 968 998 1001 atro-violacea
1025 972 1057 1001 et
1084 965 1360 1013 longitudinaliter
1387 965 1573 1011 tri-plicata,
1601 965 1672 1005 lata,
1702 964 1769 999 sere
1798 971 1903 1005 recta,
1926 964 2043 1012 petalis
2080 964 2199 999 ceteris
2226 975 2285 1011 pa-

684 1027 749 1061 ullo
775 1026 935 1061 breviora.
988 1024 1144 1060 Fructus
1171 1023 1532 1064 ovato-subrotundus,
1566 1024 1784 1064 acuminatus,
1812 1023 2148 1071 compressiusculus‚
2173 1022 2286 1056 tuber-

686 1085 1001 1131 culatowugulosus,
1026 1085 1121 1131 apice
1148 1083 1380 1124 hisoveolatus,
1406 1083 1476 1117 basi
1503 1082 1667 1130 pedicello
1696 1084 1876 1117 incrassato
1906 1083 2016 1130 paullo
2041 1083 2217 1130 angustior.

832 1177 914 1212 Icon
952 1185 986 1212 et
1022 1177 1205 1224 descriptio
1245 1175 1428 1210 secundam
1471 1173 1682 1222 exemplaria
1709 1178 1801 1215 viva,
1835 1178 1870 1207 in
1905 1172 1991 1208 hort.
2022 1170 2084 1207 bot.
2113 1172 2288 1207 Lundensi

688 1236 789 1270 culm.

837 1303 923 1339 Obs.
950 1303 974 1339 I.
1027 1302 1123 1339 Haec
1150 1305 1282 1351 species
1323 1317 1339 1338 a
1368 1303 1518 1352 pluribus
1552 1316 1625 1338 cum
1657 1303 1758 1350 priori
1791 1303 2007 1349 conjungitur,
2039 1314 2123 1350 quae
2152 1302 2289 1348 conjun-

689 1365 753 1398 ctio
781 1363 988 1398 similitudine
1015 1363 1133 1397 florum
1158 1363 1329 1410 utriusque
1355 1364 1481 1410 speciei
1508 1363 1620 1410 utique
1652 1362 1770 1396 nititur.
1834 1359 2043 1408 Quamquam
2070 1361 2154 1396 hanc
2181 1360 2290 1395 simili-

689 1422 843 1463 tudinem,
870 1422 981 1469 quoad
1006 1422 1118 1469 sepala
1145 1435 1162 1456 a
1190 1421 1241 1456 Cl.
1271 1423 1347 1456 viris
1375 1420 1486 1462 Koch,
1511 1419 1752 1455 Reichenbach
1776 1426 1808 1455 et
1835 1418 2019 1455 Ledebour
2044 1425 2208 1468 negatam,
2236 1420 2290 1466 qui

689 1482 800 1530 sepala
826 1481 1016 1516 Fumariae
1036 1483 1254 1529 parrfflorae
1281 1482 1322 1515 ita
1348 1480 1555 1521 describunt,
1593 1481 1686 1527 quasi
1716 1479 1876 1514 haberent
1912 1479 2050 1514 eandem
2091 1478 2291 1513 latitudinem

692 1554 789 1589 quam
817 1542 888 1588 ipsa
927 1540 1051 1574 corolla
1088 1541 1179 1588 (talia
1219 1540 1418 1587 exemplaria
1457 1552 1635 1586 numquam
1666 1537 1730 1572 vidi
1772 1544 1905 1586 praeter
1940 1539 2129 1573 varietatem
2165 1538 2292 1572 allatam

691 1598 902 1648 segetalem),
932 1598 1025 1633 facile
1053 1599 1222 1640 conc-,edm
1258 1605 1366 1634 tamen
1397 1600 1480 1633 inter
1507 1611 1543 1633 se
1571 1597 1775 1644 discrepant:
1802 1598 1949 1643 fructu,
1980 1599 2035 1645 qui
2059 1598 2090 1632 in
2119 1597 2292 1631 Fumaria

699 1659 878 1693 Vaillantic'
902 1657 1127 1693 subrotundus
1155 1665 1187 1693 et
1211 1660 1305 1706 apice
1338 1657 1532 1693 rotundatus
1573 1664 1639 1697 est,
1673 1658 1704 1690 in
1737 1655 1910 1690 Fumarta
1940 1656 2146 1704 parvzflora
2184 1661 2292 1690 autem

693 1716 1036 1752 ovato-subrotundus
1064 1722 1097 1751 et
1122 1717 1304 1764 apiculatus
1333 1718 1426 1763 (num
1455 1716 1506 1750 hic
1535 1715 1704 1750 character
1731 1720 1795 1748 tam
1827 1713 1952 1750 stabilis
1979 1716 2028 1755 sit,
2056 1728 2071 1749 a
2099 1713 2291 1762 Babington

693 1777 874 1812 dubitatum
901 1782 961 1816 est,
987 1775 1046 1810 sed
1076 1775 1140 1810 hoc
1166 1776 1300 1810 dubium
1328 1776 1535 1810 temerarium
1559 1775 1634 1809 mihi
1660 1774 1950 1820 videtur)·,f0liis,
1977 1775 2105 1821 quaein
2122 1773 2294 1808 Fumariu-

703 1836 880 1871 Vadlcmtcssi
906 1835 1017 1882 plana,
1044 1836 1167 1876 tenuia,
1194 1842 1287 1869 acuta
1316 1842 1405 1875 sunt,
1436 1836 1465 1868 in
1496 1834 1669 1868 Fumaria
1688 1834 1895 1881 parvfflora
1940 1839 2047 1868 autem
2088 1833 2155 1868 fere
2181 1834 2294 1868 teretia

694 1902 725 1930 et
752 1907 896 1942 superne
922 1893 1143 1935 canaliculata,
1171 1894 1369 1941 aliquantum
1387 1907 1535 1933 carnosa,
1566 1893 1700 1933 obtusa;
1732 1892 1836 1933 caule,
1864 1892 1919 1939 qui
1945 1892 1974 1926 in
2002 1892 2175 1926 Fumaria
2202 1891 2293 1927 Vail-

695 1955 795 1988 lantii
820 1955 929 1988 siccus
954 1959 1003 1987 est
1031 1959 1063 1987 et
1090 1954 1187 1987 ramis
1210 1954 1314 1999 magis
1343 1954 1461 1987 erectis
1478 1953 1664 1992 instructus,
1692 1952 1722 1986 in
1749 1951 1922 1986 cmmar‘ia
1944 1951 2150 1999 parvgflora
2176 1964 2295 1986 succu-

696 2014 811 2053 lentus,
839 2013 935 2046 ramis
963 2011 1131 2059 praeditus
1161 2012 1365 2059 patentibus,
1401 2016 1434 2044 ut
1473 2011 1561 2045 nullo
1597 2009 1698 2044 modo
1739 2010 1780 2044 ad
1819 2009 1958 2045 eandem
1998 2012 2145 2058 speciem
2183 2010 2295 2046 referri

697 2072 834 2120 possint.

848 2151 934 2186 Obs.
961 2150 1003 2186 ΙΙ.
1059 2150 1109 2186 Cl.
1138 2149 1310 2185 Parlatore
1338 2151 1529 2186 Fumariae
1547 2150 1771 2199 parvfflorae
1786 2149 1908 2184 fructus
1924 2149 2034 2184 laeves
2060 2148 2158 2191 addit,
2186 2162 2296 2197 quare,

697 2213 756 2246 nisi
781 2217 847 2246 tota
875 2217 984 2246 cetera
1015 2210 1195 2258 descriptio
1240 2224 1314 2244 cum
1354 2224 1431 2245 vera
1468 2210 1641 2245 Ftlmarz'a
1662 2209 1867 2257 parviflora
1907 2210 2039 2242 omnino
2082 2215 2297 2255 congrueret,

698 2271 832 2305 dubium
860 2275 950 2305 esset
976 2282 1014 2303 an
1043 2269 1135 2303 aliam
1168 2270 1316 2317 speciem
1355 2275 1429 2303 ante
1457 2269 1573 2303 oculos
1600 2268 1780 2303 habuisset.
1848 2266 2020 2302 Describit
2059 2273 2165 2301 tamen
2201 2268 2296 2302 etiam

699 2330 889 2364 Fanum-me
915 2328 1107 2375 ffficinalis
1137 2328 1260 2363 fructus
1286 2342 1362 2363 esse
1390 2328 1518 2369 laeves,
1546 2340 1715 2375 quumque
1742 2326 1825 2361 haec
1850 2327 1982 2374 species
2015 2339 2088 2360 cum
2120 2325 2205 2360 nulla
2238 2326 2297 2361 alia

701 2387 854 2422 confundi
883 2388 999 2434 possit,
1024 2387 1063 2421 ad
1089 2386 1291 2422 credendum
1318 2386 1512 2422 adducimur
1536 2389 1567 2421 in
1595 2392 1733 2434 utraque
1760 2387 1873 2434 specie
1901 2385 2061 2420 fructuum
2084 2398 2200 2432 parum
2218 2398 2297 2420 con—

701 2448 815 2492 spicua
843 2446 956 2480 tubera
989 2458 1063 2479 eum
1090 2445 1224 2493 fugisse.

850 2551 935 2587 Obs.
964 2551 1022 2587 III.
1079 2551 1127 2586 Ut
1154 2564 1363 2601 synonymon
1390 2551 1487 2598 hujus
1514 2552 1639 2599 speciei
1664 2551 1753 2585 attuli
1778 2551 1985 2586 Fumarium
2008 2551 2173 2597 glaucam
2195 2550 2299 2592 Iord„

704 2625 787 2659 quae
815 2625 854 2646 ne
882 2611 1013 2646 minimo
1038 2610 1171 2658 quidem
1198 2610 1388 2645 charactere
1413 2610 1454 2645 ab
1482 2609 1544 2644 hac
1570 2611 1684 2657 specie
1711 2609 1902 2658 discrepare
1926 2610 2001 2644 mihi
2018 2609 2155 2645 videtur.
2197 2610 2298 2646 Fam.
