2435 3188
1634 279 1714 320 299

241 406 285 427 ez·
316 396 387 438 ejus
415 389 502 426 herb.
563 388 714 436 Spreng.
754 387 846 434 Syst.
886 400 957 431 reg.
989 385 1049 421 vol.
1086 385 1152 420 III
1174 398 1213 433 p.
1246 387 1312 421 159.
1370 384 1486 420 Boiss.
1523 386 1650 433 Vopsag.
1685 387 1771 420 dans

242 451 437 499 l'Eslmgne
469 448 527 483 vol.
560 448 586 481 I
605 460 643 495 p.
677 451 711 482 19
743 459 784 480 ex
816 445 958 493 e.rempl.
991 450 1025 479 in
1060 443 1149 479 leerb.
1183 444 1285 479 Fries
1317 452 1351 479 et
1382 443 1582 479 Liebmmm.
1644 443 1767 479 Parlat.

242 511 335 544 Mo».
362 509 462 544 Fam.
493 512 527 541 in
553 511 665 552 giorn.
694 504 755 539 boc.
784 504 857 539 ilal.
888 507 965 539 1844
986 517 1026 552 p.
1056 505 1124 539 155.

167 584 338 620 Fumaria
363 583 532 626 africana.
558 579 655 614 Lam.
685 579 780 613 Dict.
807 577 975 625 encyclop.
1004 577 1064 612 vol.
1090 576 1144 611 II
1155 589 1194 625 p.
1222 578 1296 611 565.

167 670 256 705 Icon.
285 665 384 701 Desf.
411 665 431 701 l.
459 678 488 701 c.
513 665 581 701 tab.
611 667 642 701 6.
693 663 811 700 Nostr.
842 665 931 700 Tab.
960 664 1004 700 V.

166 759 315 796 Habitat
337 758 372 794 in
397 758 538 807 rupium
568 758 704 794 fissuris
731 756 884 793 Atlantis
916 755 1080 798 Africae,
1114 760 1151 791 ut
1182 755 1218 791 in
1250 754 1400 804 Algeria
1432 765 1548 802 prope
1575 751 1770 788 Tlemesen

237 817 395 868 (Desf.)
422 822 457 852 et
483 817 576 853 circa
608 818 707 854 Orall
735 816 872 867 (Boiss.
901 830 945 851 ex
968 816 1106 865 exempl.
1142 821 1176 850 in
1212 814 1302 850 herb.
1338 813 1484 863 Fries);
1525 812 1561 848 in
1598 808 1770 858 Hispania

240 889 354 925 prope
379 888 510 925 pagum
537 875 712 912 Alhaurin
743 875 951 924 provinciae
978 874 1210 911 Malacitanae
1239 874 1378 924 (Boiss.
1403 888 1445 908 ex
1471 872 1611 921 exempl.
1633 876 1668 906 in
1682 867 1773 904 herb.

239 934 463 985 Liebmamz).

315 1024 437 1059 Radia·
461 1025 623 1071 elongata,
651 1023 792 1071 gracilis,
819 1035 959 1063 ramosa,
983 1023 1139 1069 perennis
1160 1021 1228 1071 (ex
1245 1018 1444 1070 Desfontj.
1503 1018 1622 1055 Cmclis
1648 1019 1769 1059 brevis,

165 1084 402 1132 procumbens,
429 1085 500 1119 basi
531 1096 692 1123 ramosus,
719 1082 909 1129 ungulatus,
936 1081 1089 1129 glaucus,
1114 1080 1276 1115 interdum
1304 1080 1516 1114 abbreviatus
1544 1084 1576 1113 et
1604 1078 1672 1113 fere
1700 1077 1771 1112 nul-

164 1143 222 1178 lus.
278 1142 380 1178 Folia
405 1143 532 1190 glauca,
560 1156 601 1177 ex
625 1142 756 1189 petiolis
787 1141 891 1188 longis
916 1142 1053 1187 trigonis
1080 1141 1304 1188 pinnatisecta‚
1331 1139 1455 1173 laciniis
1484 1138 1589 1185 planis
1606 1137 1771 1183 oblongis,

166 1202 391 1242 acutiusculis,
419 1202 583 1238 carnosis:
619 1201 730 1248 petioli
769 1200 955 1235 secundarii
982 1200 1080 1240 recti,
1115 1199 1310 1234 brevissimi.
1366 1198 1509 1232 Racemz‘
1537 1195 1772 1244 oppositisolii,

166 1261 385 1309 pedunculati‚
411 1261 614 1309 corymbosi,
637 1260 817 1308 pmwiflori,
845 1259 922 1293 solio
950 1259 1132 1300 breviores,
1161 1259 1267 1306 primo
1293 1258 1412 1299 erecti,
1440 1256 1514 1291 dein
1542 1256 1685 1303 elongati
1710 1255 1771 1289 laxi

165 1320 300 1360 deflexi;
326 1320 479 1368 pellicelli
505 1319 636 1354 floril'eri
664 1320 775 1361 erecti,
801 1319 882 1354 ssore
909 1319 1092 1359 breviores,
1121 1317 1276 1351 fructiferi
1304 1316 1440 1358 deflexi,
1468 1316 1622 1357 flexuosi,
1648 1315 1770 1362 longis—

165 1380 245 1415 simi.
298 1380 471 1414 Bracteae
497 1379 813 1420 albo-virescentes,
846 1378 983 1419 breves,
1011 1377 1177 1424 oblongae
1197 1376 1250 1411 vel
1268 1382 1402 1418 ovatae,
1429 1376 1649 1416 aeuminatae,
1677 1373 1771 1422 pedi-

166 1438 256 1474 cellis
284 1438 457 1473 fructiferis
482 1438 647 1473 multoties
673 1438 856 1472 breviores.
909 1436 1029 1471 Flores
1057 1437 1187 1470 maximi
1220 1436 1369 1483 generis,
1403 1434 1504 1469 diluto.
1539 1434 1644 1475 rosei,
1677 1434 1772 1481 apice

166 1499 423 1545 atro—purpurei.
477 1497 605 1545 Sepala
634 1503 739 1538 ovata,
765 1497 836 1531 basi
854 1495 1317 1536 subcordata,obtusiuscula,
1345 1494 1641 1534 dentato-crenata,
1667 1505 1770 1528 mem-

166 1557 337 1598 branacea,
368 1556 491 1592 corolla
515 1557 680 1591 multoties
710 1556 862 1591 breviora
886 1557 1026 1602 ejusque
1051 1555 1130 1589 tubo
1162 1555 1263 1589 multo
1290 1555 1479 1602 angustiora
1501 1552 1682 1600 (pedicello
1711 1564 1771 1599 pa-

167 1617 232 1652 ullo
258 1618 397 1664 latiora).
461 1615 621 1650 Petalum
650 1620 809 1663 superius
843 1627 916 1649 cum
947 1614 1065 1649 calcari
1105 1613 1168 1648 late
1205 1619 1304 1648 ovato
1346 1612 1447 1648 dilute
1485 1625 1635 1654 roseum,
1676 1612 1771 1659 apice

166 1677 320 1712 obtusum
344 1681 376 1711 et
402 1688 545 1723 superne
570 1675 674 1722 gibbo
702 1673 796 1709 viridi
823 1674 1032 1715 instructum,
1066 1673 1120 1720 qui
1152 1673 1353 1720 marginibus
1387 1672 1474 1713 latis,
1509 1683 1673 1706 summum
1700 1671 1771 1718 api-

167 1749 238 1771 cem
266 1735 514 1782 attingentibus,
554 1733 845 1782 patenti—reflexis,
881 1733 1075 1781 purpureis,
1112 1733 1262 1779 cingitur.
1321 1731 1485 1766 Petalum
1516 1731 1667 1777 inferius»-
1702 1729 1771 1764 sere

167 1795 296 1837 lineare,
322 1795 508 1834 carinatum,
537 1794 632 1841 apice
658 1793 814 1827 obtusum
845 1798 877 1827 et
901 1792 1025 1826 inferne
1053 1791 1157 1838 gibbo
1185 1791 1278 1826 viridi
1306 1792 1510 1831 instructum,
1537 1791 1591 1837 qui
1619 1790 1772 1837 margini-

168 1855 230 1889 bus
259 1854 345 1895 latis,
372 1853 576 1901 patentibus,
606 1865 769 1886 summum
797 1851 925 1899 apicem
959 1851 1211 1898 attingentibus,
1249 1850 1349 1885 dilute
1389 1850 1582 1897 purpureis,
1621 1849 1769 1895 cingitur.

167 1913 294 1948 Petala
319 1918 484 1947 interiora
512 1912 611 1946 dilute
634 1924 747 1952 rosea,
774 1911 868 1958 apice
896 1916 1138 1957 atmpurpuven
1168 1916 1200 1944 et
1226 1908 1503 1956 longitudinaliter
1532 1909 1725 1956 tri—plicata,
1753 1920 1769 1941 a

169 1971 276 2007 medio
302 1971 343 2006 ad
369 1972 495 2019 apicem
524 1983 652 2005 sursum
682 1975 831 2011 curvata,
861 1969 976 2017 petalis
1005 1970 1124 2004 ceteris
1153 1969 1263 2016 paullo
1290 1969 1454 2003 breviora.
1507 1967 1662 2002 Fructus
1691 1967 1770 2001 sub--

166 2030 443 2065 rotundo-ovatus
470 2030 522 2064 vel
547 2029 615 2064 fere
641 2029 820 2077 ellipticus,
848 2029 988 2063 obtusus
1017 2041 1090 2062 cum
1122 2041 1298 2069 mucrone,
1323 2026 1660 2074 compressiusculus,
1688 2025 1770 2060 cari-

168 2095 270 2131 natus,
297 2089 676 2136 tuberculato—rugosus,
703 2089 798 2136 apice
827 2087 1065 2129 bisoveolatus,
1094 2088 1163 2122 basi
1192 2086 1356 2134 pedicello
1385 2088 1566 2121 incrassato
1594 2085 1771 2132 angustior.

313 2178 396 2214 Icon
422 2187 455 2214 et
476 2179 658 2227 descriptio
684 2177 867 2213 secundum
892 2176 1105 2224 exemplaria
1131 2177 1182 2210 ad
1208 2176 1304 2210 Oran
1331 2176 1418 2210 lecta
1445 2180 1481 2210 in
1508 2172 1596 2209 herb.
1620 2174 1730 2208 Fries.

561 2335 638 2376 22.
700 2339 890 2377 Fumaria
922 2337 1185 2376 alexandrina
1224 2336 1374 2391 Ehrbg.

318 2450 360 2487 F.
386 2451 557 2488 fructibus
587 2453 819 2489 subrotundis
847 2452 985 2489 obtusis
1014 2465 1096 2488 cum
1124 2451 1339 2488 mucronulo
1367 2450 1769 2500 tuberculato·rugosis‚

174 2507 301 2555 sepalis
328 2510 438 2547 ovatis
465 2511 671 2548 acuminatis
697 2512 849 2548 dentatis
874 2511 1011 2547 corolla
1037 2510 1113 2547 fere
1141 2510 1343 2560 quadruplo
1371 2509 1599 2546 brevioribus
1617 2511 1770 2559 ejusque

174 2565 260 2601 tubo
288 2567 397 2603 multo
422 2569 701 2618 angustioribus,
728 2570 882 2606 bracteis
920 2570 1099 2619 pedicello
1141 2569 1322 2607 fructifero
1366 2573 1652 2617 erecto-patente
1694 2568 1770 2605 fere

175 2623 284 2672 duplo
307 2624 539 2670 brevioribus,
566 2628 732 2664 foliorum
759 2629 894 2665 laciniis
923 2629 1098 2677 oblongis
