2435 3188
692 252 783 293 100

643 357 838 394 maximam
864 356 991 393 harum
1018 367 1230 392 aranearum
1258 354 1304 389 ad
1331 352 1481 389 formam
1522 352 1749 402 figuramque
1790 348 2036 393 constantiam,
2068 361 2160 400 quae
2188 349 2254 385 im-

644 416 767 466 primis
791 415 909 457 efficit,
938 419 976 451 ut
999 430 1127 463 genera
1165 413 1263 449 bona
1290 417 1324 449 et
1355 411 1530 448 subtiliter
1570 410 1716 447 definita
1756 421 1866 459 aegre
1903 409 2068 446 constitui
2107 408 2253 458 possint,

645 480 721 511 tum
747 474 853 511 etiam
879 479 1027 523 propter
1054 472 1340 508 convenientiam
1373 470 1515 511 coloris
1557 469 1617 518 qui
1653 469 1738 505 totis
1779 481 1891 517 saepe
1936 468 2130 518 generibus
2157 466 2254 503 idem

646 534 723 570 fere
748 538 810 576 est,
836 539 871 569 et
897 545 979 569 raro
1007 537 1110 568 notas
1136 530 1302 579 patefacit
1329 529 1412 565 satis
1439 529 1558 564 firmas
1586 527 1816 576 stabilesque,
1845 527 1984 576 quibus,
2025 540 2134 577 quum
2161 526 2257 563 nulla

648 592 786 629 formae
814 591 1018 628 discrimina
1045 589 1231 625 manifesta
1272 593 1364 628 sunt,
1409 587 1550 635 species
1587 587 1887 622 internoscantur.
1939 585 2067 636 Neque
2090 586 2196 636 igitur
2221 586 2256 622 in

648 652 719 688 ulla
744 651 874 687 familia
907 661 1135 690 aranearum,
1176 658 1312 696 genere
1352 647 1523 692 Erigones
1565 647 1675 692 (Argi
1700 644 1885 692 Walck.)
1912 644 2063 681 fortasse
2089 651 2256 694 except0‚

648 711 752 748 tantis
779 708 1043 745 difficultatibus
1069 706 1209 743 laborat
1236 705 1432 740 formarum
1461 707 1552 752 justa
1580 702 1839 744 determinatio,
1880 715 1948 738 uec
1987 703 2140 753 denique
2174 705 2258 741 alibi

652 774 746 807 tanta
771 767 903 805 exstitit
926 766 1110 802 nominum
1135 764 1366 814 perturbatio,
1394 768 1560 812 quantam
1588 763 1624 798 in
1650 762 1869 811 synonymis
1893 763 2147 811 Lycosidarum
2163 764 2258 813 apud

652 829 848 878 plerosque
877 825 1072 875 scriptores
1101 823 1319 863 i11venimus3
1348 835 1440 872 quae
1468 835 1556 858 vero
1586 821 1706 857 omnia
1733 821 1868 857 tamdiu
1902 829 2068 858 maneant
2107 835 2258 859 necesse

653 892 715 929 est,
751 885 922 935 quamdiu
963 889 1070 920 notae
1114 895 1162 919 ex
1204 882 1363 931 partibus
1406 880 1619 931 genitalibus
1662 880 1790 916 ductae
1817 880 2052 930 negliguntur.
2083 903 2128 909 —
2158 882 2260 926 Quae

653 958 762 996 quum
789 945 835 981 ita
858 944 935 986 sint,
963 956 1090 979 omnes
1115 954 1154 977 se
1184 953 1328 976 errores
1344 941 1505 987 effugere
1530 940 1700 989 potuisse,
1725 939 1762 975 id
1789 951 1854 988 spe
1879 939 2081 988 concipere,
2109 952 2260 990 magnae

656 1009 753 1041 certe
781 1007 876 1040 esset
902 1002 1088 1038 audaciae:
1117 1013 1264 1049 sperare
1293 1006 1411 1035 tamen
1439 999 1568 1041 audeo,
1597 1011 1656 1034 me
1683 998 1719 1034 in
1748 998 1975 1047 synonymis,
2020 1011 2112 1048 quae
2149 1012 2262 1049 pauca

654 1068 788 1101 tantum
814 1062 943 1098 afferre
971 1061 1080 1110 potui,
1109 1059 1319 1108 saepissime
1342 1071 1467 1094 verum
1492 1058 1682 1100 invenisse,
1711 1070 1821 1107 quum
1845 1070 2019 1093 sumniam
2047 1057 2262 1105 diligentiam

655 1121 861 1159 adhibuisse
883 1119 968 1156 mihi
993 1120 1125 1161 videar,
1152 1118 1286 1167 optime
1313 1119 1441 1159 sciens,
1471 1130 1577 1167 quam
1606 1116 1732 1152 multas
1763 1115 1852 1152 haec
1892 1129 1952 1152 res
1992 1115 2142 1153 haberet
2181 1129 2264 1153 cau-

655 1182 781 1224 tiones,
811 1179 1022 1230 quantisque
1050 1179 1084 1214 in
1111 1177 1375 1213 difficultatibus
1402 1182 1615 1212 versaretur.

889 1300 948 1349 Sp.
983 1305 1011 1336 1.
1066 1298 1297 1334 FABRILIS.
1328 1311 1359 1346 p.
1390 1297 1446 1332 86.
1474 1296 1524 1332 ΡΙ.
1554 1297 1587 1331 4.
1615 1295 1683 1332 tab.
1712 1296 1744 1331 ΞΖ.

739 1389 802 1424 Syn.
826 1389 960 1426 Lycosa
983 1387 1240 1424 melanogaster
1264 1388 1347 1413 Halm.
1372 1385 1422 1413 Die
1445 1384 1562 1412 Arachn.
1586 1384 1607 1412 I.
1629 1393 1655 1421 p.
1679 1386 1743 1413 102.
1766 1383 1810 1420 fig.
1835 1385 1881 1411 76.

887 1449 899 1463 α
977 1437 1119 1465 fabrilis
1142 1437 1223 1463 Sami.
1248 1437 1309 1463 Act.
1332 1434 1427 1462 Holm.
1453 1437 1538 1461 1832.
1560 1443 1585 1471 p.
1611 1436 1675 1461 182.

887 1498 899 1512 «
1045 1498 1058 1512 (‹
1147 1488 1238 1513 Westr.
1262 1486 1322 1512 Act.
1346 1483 1467 1512 Gothob.
1492 1485 1576 1512 1851.
1599 1492 1624 1520 p.
1650 1486 1695 1510 53.

1093 1545 1351 1595 [TARENTULA
1366 1544 1398 1592 *)
1426 1541 1608 1578 fabrilis
1635 1541 1840 1594 (Clerck.)]

809 1659 953 1695 HAnNn
980 1660 1065 1707 Lyc.
1091 1660 1342 1704 melmmgastro
1370 1661 1533 1704 excepta,
1562 1656 1692 1691 nullam
1733 1667 1781 1690 ex
1806 1653 1932 1690 formis
1965 1654 2180 1703 scriptorum
2207 1666 2272 1691 ex-

662 1724 858 1755 ternorum,
886 1730 978 1767 quos
1006 1718 1151 1767 quidem
1180 1717 1263 1752 mihi
1293 1715 1484 1751 consulere
1512 1714 1617 1756 licuit,
1638 1714 1720 1749 huic
1746 1714 1880 1763 speciei
1901 1713 2123 1764 subjungere
2140 1714 2270 1751 audeo.

663 1779 706 1814 L.
734 1777 887 1824 fabrilis
920 1777 1084 1813 Walck.
1123 1778 1206 1822 (Ins.
1236 1778 1319 1824 Apt.
1352 1776 1377 1810 l.
1415 1787 1446 1823 p.
1477 1775 1568 1823 306)
1609 1775 1735 1809 eadem
1777 1780 1895 1809 tamen
1934 1786 2016 1809 esse
2060 1777 2186 1822 potest.
2225 1795 2271 1801 —

665 1838 806 1874 Kocffli
840 1839 924 1873 Tar.
938 1837 1091 1885 sabi-ilis
1119 1835 1204 1883 (Die
1230 1833 1387 1870 Arachn.
1416 1834 1512 1870 XIV.
1542 1846 1574 1882 p.
1609 1834 1687 1868 163.
1718 1833 1798 1881 figg.
1827 1832 2091 1882 1387—1388)
2116 1832 2183 1868 alia
2209 1836 2272 1875 est,

666 1897 886 1946 eademque,
913 1896 958 1932 ad
983 1901 1118 1944 partem
1149 1894 1289 1936 saltem,
1321 1899 1428 1942 atque
1456 1895 1521 1928 Ar.
1551 1894 1736 1941 inquilinus
1765 1891 1951 1933 Clerek.;
1999 1892 2082 1927 Tar.
2108 1892 2276 1941 inquilina

664 1955 805 1991 Koch.
835 1968 878 1991 ea
910 1968 1034 1991 rursus
1071 1966 1153 1990 esse
1195 1953 1344 1994 videtur,
1386 1964 1479 2001 quae
1509 1963 1529 1986 a
1558 1951 1828 1987 SUNDEVALLlo
1857 1952 1943 1999 Lyc.
1973 1949 2130 2000 barbipes
2167 1962 2277 1987 voca-

664 2020 721 2050 tur
735 2015 792 2062 **).
848 2014 939 2050 Satis
966 2013 1159 2049 verisimile
1187 2019 1305 2047 tamen
1331 2016 1394 2053 est,
1421 2011 1609 2047 Kocmmvi
1635 2009 1702 2046 sub
1731 2010 1874 2045 nomine
1916 2011 1954 2046 T.
1969 2009 2124 2058 fabrilis
2149 2022 2275 2047 verum

734 2134 755 2167 ⁸)
773 2133 869 2159 Melius
892 2132 1027 2158 Tarentum
1047 2140 1125 2167 quam
1146 2131 1285 2157 Tarantula
1303 2130 1461 2164 (Tarentum,
1481 2130 1553 2155 urbis
1573 2138 1676 2160 nomen,
1695 2128 1773 2154 hodie
1796 2128 1927 2161 Taranto).

735 2189 765 2221 “)
785 2187 804 2220 ῼ
825 2188 886 2215 Tar.
905 2187 1043 2221 barbipedis
1062 2186 1183 2219 (Sund.)
1203 2186 1309 2211 omnino
1331 2194 1388 2211 cum
1416 2185 1499 2220 figura
1519 2190 1545 2211 et
1564 2185 1743 2220 descriptione
1765 2184 1823 2209 Tar.
1843 2184 1973 2218 inquilinae
1990 2181 2089 2208 Koch.
2108 2182 2127 2216 2
2146 2183 2278 2218 congruit;

666 2230 687 2260 ὃ
708 2231 795 2257 differt
813 2231 882 2257 tibiis
903 2231 995 2256 anticis
1015 2230 1192 2255 crassioribus
1212 2230 1277 2263 (non
1296 2237 1359 2254 vero
1380 2229 1510 2261 clavatis),
1528 2228 1589 2263 pilis
1609 2228 1783 2262 longioribus,
1802 2227 1891 2261 nigriS,
1910 2225 2064 2260 praesertim
2074 2234 2167 2251 versus
2180 2227 2279 2261 apicem

668 2274 751 2300 dense
770 2274 873 2300 vestitis
892 2278 919 2299 et
937 2273 1087 2299 metatarsis
1116 2281 1222 2307 quoque
1252 2272 1329 2297 basin
1359 2280 1452 2297 versus
1481 2271 1570 2306 paullo
1599 2271 1762 2300 incrassatis,
1790 2270 1876 2303 ibique
1900 2268 2008 2293 densius
2028 2267 2130 2302 pilosis.
2166 2269 2209 2294 An
2227 2269 2278 2295 hoc

668 2316 750 2342 modo
770 2316 862 2342 eadem
881 2317 986 2351 species
1006 2317 1031 2342 in
1051 2316 1162 2341 diversis
1183 2316 1254 2341 orbis
1274 2319 1361 2340 terrae
1388 2314 1541 2349 regionibus
1569 2314 1668 2339 variare
1696 2312 1806 2347 potest?
1824 2327 1856 2331 —
1876 2312 2009 2345 Apertura
2027 2311 2148 2346 genitalis
2166 2312 2192 2338 in
2212 2315 2230 2347 Ξ
2251 2312 2280 2338 Τ.

669 2359 808 2393 ὂανῖιίρεᾱίε
825 2368 907 2393 parva
926 2364 975 2390 est,
995 2359 1198 2393 sub-quadrata,
1217 2358 1256 2383 vel
1276 2359 1366 2392 potius
1386 2359 1411 2383 in
1430 2357 1524 2383 stellae
1543 2354 1769 2390 quadri-cuspidis
1793 2354 1904 2379 formam
1930 2353 2052 2385 redacta;
2079 2358 2156 2380 maris
2181 2355 2278 2381 bulbus

669 2402 789 2436 genitalis
810 2402 904 2427 subtus
925 2407 984 2427 ante
1004 2401 1117 2427 medium
1137 2402 1161 2426 in
1181 2401 1261 2426 latere
1281 2401 1411 2426 exteriore
1432 2399 1526 2425 calcari
1554 2407 1635 2433 parvo
1666 2398 1819 2426 instructus,
1848 2396 1923 2430 cujus
1952 2405 2019 2430 apex
2048 2397 2209 2424 sub-bifidus
2229 2403 2279 2430 est,

668 2449 744 2478 parte
762 2445 885 2470 interiore
903 2445 1065 2475 brevissima,
1085 2453 1176 2478 parum
1203 2443 1357 2473 manifesta,
1385 2443 1516 2468 exteriore
1544 2445 1630 2466 autem
1658 2441 1786 2475 longiore,
1814 2440 1933 2465 tenuiore
1953 2444 1979 2465 et
1998 2444 2111 2466 curvata.
2154 2440 2278 2467 Feminae

671 2487 748 2521 hujus
769 2491 794 2513 et
816 2487 957 2524 Tfabrilis
976 2487 1122 2519 (Clerok.)
1142 2490 1184 2511 sat
1203 2486 1300 2511 similes
1321 2489 1391 2515 sunt,
1410 2484 1565 2519 praesertim
1593 2484 1694 2517 pictura
1721 2483 1878 2513 abdominis,
1909 2491 1976 2517 quae
2004 2483 2029 2509 in
2057 2487 2168 2518 utraque
2187 2483 2280 2510 eadem

673 2534 723 2560 est,
743 2535 769 2556 et
790 2539 848 2555 cum
867 2530 950 2565 figura
972 2530 998 2555 T.
1017 2530 1145 2564 inquilinae
1162 2528 1261 2553 Koch.
1282 2524 1301 2556 Ξ
1319 2528 1397 2562 plane
1421 2534 1580 2561 congruens,
1601 2527 1625 2551 in
1647 2525 1777 2562 Dfabrili
1802 2526 1885 2560 magis
1913 2526 1994 2552 niodo
2023 2526 2138 2552 albicans
2158 2531 2184 2552 et
2202 2527 2280 2558 clara,

671 2573 741 2598 serie
761 2578 918 2607 punctorum
936 2573 1057 2607 utrinque
1076 2572 1100 2597 in
1120 2570 1202 2596 dorso
1223 2578 1236 2595 e
1255 2571 1361 2604 punctis
1380 2569 1534 2604 majoribus,
1562 2569 1639 2595 valde
1669 2570 1820 2604 conspicuis
1850 2569 1965 2595 formata
1991 2569 2061 2602 (vide
2088 2574 2207 2595 nostram
2235 2569 2282 2596 de-

673 2616 870 2651 scriptionem„
899 2615 948 2642 sed
978 2615 1003 2641 T.
1032 2614 1145 2649 barbipes
1173 2613 1260 2639 differt
1287 2612 1464 2648 magnitudine
1483 2612 1566 2638 multo
1594 2613 1695 2638 minore
1717 2613 1798 2648 (long.
1817 2607 1836 2641 2
1857 2611 1988 2644 10—124„
2007 2611 2028 2644 ὅ
2046 2612 2149 2642 7-“,·-10
2172 2612 2280 2644 minim„
