2435 3188
1619 241 1690 281 111

166 358 210 394 ad
236 358 277 394 L.
305 355 462 393 tarsalem
499 350 676 400 pertinere
713 348 886 385 videntur.
939 349 1042 392 Quae
1069 351 1187 383 tamen
1212 346 1331 382 onmia
1358 358 1424 393 pro
1450 351 1548 382 certo
1573 346 1750 382 affirmare

167 428 235 452 non
262 413 392 453 audem
417 422 534 460 neque
557 408 651 444 aliud
677 407 722 444 ad
746 419 822 443 rem
847 406 1112 455 expediendam
1137 404 1256 440 facere
1280 415 1438 452 possum,
1466 404 1532 439 nisi
1557 405 1598 439 L.
1629 411 1749 440 monci—

165 475 267 510 colam
291 469 486 518 (Clerck.)
516 472 550 504 et
575 467 714 515 species
740 465 901 501 suecicas
927 465 959 501 ei
984 465 1204 514 propinquas
1239 461 1456 498 describere.
1508 463 1550 497 Α.
1576 464 1750 511 palustris

164 531 276 568 Linn.
307 529 341 565 in
374 529 482 564 Faun.
511 526 617 562 Suec.
644 524 710 560 Ed.
733 525 766 560 2.
796 530 831 560 et
854 525 939 573 Lyc.
958 525 1133 574 paludosa
1160 521 1294 558 Hahn.
1330 520 1417 570 (Die
1443 520 1598 556 Arachn.
1626 534 1658 569 p.
1693 523 1746 556 14.

163 590 217 639 fig.
247 588 331 637 105)
358 599 423 622 eae
449 597 593 634 quoque
621 585 663 619 L.
682 585 876 619 monticolae
899 583 1096 631 (Clerck.)
1124 579 1371 629 subjiciendae
1398 592 1479 615 esse
1506 579 1678 614 videntur.

287 756 435 792 Limosa
463 755 643 788 »noriticola
670 751 879 802 (merck).
910 775 954 780 —-
984 752 1096 800 Long.
1126 750 1224 785 5<-6
1247 751 1281 798 ¹4,
1317 747 1398 784 mill.
1427 752 1489 797 (ἳ);
1521 747 1543 782 5
1571 747 1652 783 mill.
1682 756 1749 791 (Θῆ).

233 844 294 878 Syn.
317 842 376 870 vide
398 851 485 879 supra.
528 840 606 868 Adde

316 893 447 919 Aranea
469 890 636 928 palustris
661 892 731 917 Lirin.
756 889 840 916 Faun.
864 889 938 916 Snec.
965 889 1013 916 Ed.
1036 892 1061 917 2.
1085 898 1109 925 ρ.
1133 888 1208 915 491?

315 940 443 977 Lycosa
466 939 631 976 paludosa
654 941 735 966 Halm.
760 939 810 966 Die
834 939 950 966 Araehn.
974 939 1011 966 II.
1034 947 1058 975 p.
1084 940 1127 964 14.
1151 938 1194 973 fig.
1223 937 1294 964 105?

462 988 638 1025 saccigera
666 991 758 1016 Walclc.
782 988 837 1015 Ins.
862 989 926 1025 Apt.
948 988 969 1015 Ι.
994 998 1017 1024 p.
1043 991 1087 1015 32.
1111 986 1153 1017 (ad
1177 986 1309 1023 partem?

313 1039 385 1076 Lyc.
409 1037 575 1070 (Pardosa)
598 1037 786 1065 monticola
811 1039 885 1065 Koch.
909 1037 959 1065 Die
982 1036 1098 1064 Araclin.
1122 1035 1182 1063 XV.
1204 1045 1228 1073 p.
1254 1039 1297 1062 4⁴2.
1321 1034 1364 1066 (ad
1386 1037 1499 1072 partem)
1522 1034 1567 1069 fig.
1593 1033 1687 1060 1448?

299 1128 588 1178 Cephalothorax
615 1129 872 1179 nigro-fuscus,
915 1128 1016 1164 lineis
1047 1127 1159 1165 tribus
1184 1125 1499 1177 longitudinalibus
1528 1124 1631 1166 albis,
1663 1124 1747 1160 dor—

153 1189 216 1226 sali
243 1189 352 1231 tenui,
380 1189 494 1224 antice
520 1192 703 1237 angustata
728 1192 763 1224 et
788 1187 1001 1224 acuminata:
1036 1187 1150 1235 pedes
1175 1184 1461 1222 fusco-maculati
1487 1183 1747 1233 -annulatique;

152 1248 332 1285 abdomen
372 1247 527 1289 fuscum,
564 1247 656 1283 linea
691 1247 804 1283 antica
834 1248 869 1283 in
898 1247 1008 1283 dorso
1038 1245 1272 1287 sub-hastata,
1308 1245 1453 1293 nigrore
1485 1243 1684 1284 terminata,
1713 1247 1748 1278 et

153 1307 290 1357 punctis
324 1306 427 1349 albis,
464 1306 609 1356 nigrore
642 1306 858 1354 conjunctis,
892 1306 927 1342 in
958 1306 1047 1341 duas
1077 1304 1190 1341 series
1216 1304 1412 1353 dispositis,
1438 1303 1474 1339 in
1501 1307 1601 1352 parte
1625 1306 1745 1351 poste-

152 1367 246 1403 riore
273 1370 440 1402 notatum.
475 1389 511 1393 —
544 1374 562 1408 ῼ
589 1365 644 1401 ad.

295 1441 452 1491 Nigrior,
486 1440 639 1489 pedibus
679 1441 979 1482 fusco-testaceis,
1021 1440 1082 1476 vix
1113 1438 1303 1480 annulatis,
1342 1435 1539 1475 femoribus
1572 1435 1617 1471 ad
1644 1434 1744 1471 basin

151 1500 218 1536 late
246 1513 326 1536 cum
353 1500 456 1536 coxis
483 1499 604 1549 nigris;
632 1499 743 1548 palpis
769 1500 894 1549 nigris,
917 1503 1016 1548 parte
1041 1498 1204 1535 femorali
1228 1497 1329 1546 apice
1356 1501 1392 1532 et
1412 1494 1528 1532 tarsali
1546 1493 1623 1530 basi
1640 1497 1744 1529 testa-

152 1559 233 1596 ceis.
263 1583 310 1588 —
336 1568 369 1605 C?
397 1559 450 1595 ad.

301 1653 422 1689 Descr.
449 1662 467 1694 Ξ
494 1656 548 1688 ad.
585 1674 628 1679 -—
663 1652 1007 1702 Cephalothorax
1043 1653 1172 1687 circiter
1201 1651 1223 1685 2
1247 1650 1282 1697 ’Ἃ
1322 1650 1440 1685 minim.
1476 1650 1608 1697 longus,
1646 1648 1745 1687 altus,

152 1721 200 1749 sat
226 1720 398 1761 angustus,
439 1713 602 1748 latitudine
633 1714 770 1748 maxima
804 1713 840 1760 ἓξ,
872 1712 1083 1759 longitudinis
1110 1711 1177 1746 fere
1201 1711 1369 1759 aequanti,
1398 1715 1491 1758 parte
1521 1708 1686 1743 thoracica
1712 1707 1744 1741 in

151 1774 305 1809 lateribus
339 1773 452 1807 leviter
478 1772 664 1814 rotundata,
698 1778 790 1820 parte
818 1771 987 1819 cephalica
1013 1777 1167 1819 angusta,
1196 1770 1309 1817 longa,
1336 1769 1492 1804 lateribus
1519 1769 1648 1816 postice
1676 1766 1744 1801 l'ere

152 1833 330 1881 parallelis,
358 1837 430 1866 ante
459 1831 574 1867 oculos
599 1833 748 1880 posticos
774 1845 853 1867 vero
882 1831 992 1879 paullo
1020 1836 1206 1878 angustata,
1232 1829 1337 1864 fronte
1360 1827 1527 1863 altitudine
1542 1825 1743 1861 mandibula-

152 1905 230 1927 rum.
280 1890 472 1927 Sternum
512 1891 626 1933 latum,
662 1891 765 1926 ovale.
818 1889 1095 1925 Mandibulae
1129 1887 1543 1936 ovato-sub-cylindricae‚
1577 1884 1743 1920 latitudine

153 1951 254 1986 basali
281 1950 382 1998 duplo
410 1950 592 1997 longiores,
628 1950 753 1985 seniore
790 1951 1007 1997 angustiores.
1061 1948 1260 1983 Maxillae
1288 1947 1472 1994 oblongae,
1497 1946 1591 1993 apice
1618 1944 1743 1978 sortiter

151 2009 350 2045 rotundatae.
392 2008 561 2044 Labium
589 2009 895 2049 senii-circillatum,
924 2010 1018 2057 apice
1045 2008 1269 2047 rotundatum,
1295 2006 1457 2041 interdum
1479 2005 1741 2040 sub-truncatum

151 2069 201 2105 vel
228 2071 434 2116 impressum.
488 2066 610 2103 Oculi
649 2068 850 2109 mediocres3
889 2069 990 2102 medii
1022 2067 1087 2102 duo
1123 2068 1207 2101 inter
1241 2078 1277 2100 se
1304 2065 1410 2112 spatio
1445 2063 1620 2104 distantes,
1653 2060 1743 2109 quod

152 2129 225 2176 plus
255 2127 387 2162 dimidio
419 2129 522 2173 majus
560 2133 625 2168 est,
659 2140 755 2175 quam
791 2127 948 2162 diameter
980 2128 1084 2175 ipsius
1112 2125 1208 2160 oculi.
1261 2123 1385 2171 Palpi
1419 2123 1565 2157 crassitie
1590 2126 1741 2156 metatar-

151 2201 277 2228 sorum,
296 2194 403 2234 parte
430 2184 538 2220 tibiali
567 2186 715 2234 longiore
743 2200 839 2235 quam
866 2186 1052 2235 patellari,
1086 2184 1210 2219 tarsali
1242 2182 1292 2218 his
1320 2182 1502 2228 conjunctis
1530 2180 1639 2228 paullo
1665 2179 1741 2214 bre-

152 2248 242 2282 viore
268 2251 301 2281 et
324 2246 528 2293 angustiore,
555 2258 670 2280 versus
697 2247 825 2294 apicem
850 2259 965 2294 parum
989 2249 1169 2291 angustata.
1221 2241 1359 2276 Pedes
1390 2240 1606 2288 proportione
1633 2237 1742 2279 solita,

153 2305 350 2346 mediocres,
383 2305 437 2338 4:ti
463 2305 551 2352 paris
578 2304 854 2352 cephalothorace
880 2305 1008 2339 circiter
1035 2304 1056 2338 3
1074 2303 1132 2351 ²4,
1162 2303 1235 2336 12mi
1261 2300 1370 2349 paullo
1398 2299 1472 2347 plus
1497 2298 1519 2332 2
1540 2297 1577 2345 ¹3
1609 2297 1741 2345 longio-

152 2379 220 2404 res:
252 2369 428 2399 metatarsi
459 2364 514 2398 42ti
540 2365 628 2411 paris
655 2364 731 2399 tibia
758 2377 831 2399 curn
864 2363 981 2411 patella
1010 2375 1125 2411 parum
1158 2361 1337 2397 breviores.
1389 2357 1604 2394 Abdonien
1632 2356 1742 2397 ovale,

151 2432 229 2459 ante
252 2430 378 2471 partum
405 2421 679 2470 cephalothorace
703 2423 803 2458 multo
831 2424 950 2469 majus,
974 2430 1054 2471 post
1079 2427 1208 2469 partum
1236 2432 1277 2455 eo
1299 2419 1420 2459 minus,
1449 2417 1641 2466 praesertim
1666 2417 1741 2451 bre-

154 2483 241 2522 vius,
279 2482 483 2516 ob-ovatum.
534 2481 699 2528 Epigyne
733 2495 774 2517 ex
806 2493 881 2517 area
919 2486 1047 2517 constat
1081 2481 1159 2515 satis
1190 2492 1307 2527 parva,
1341 2477 1402 2513 sed
1433 2476 1528 2511 valde
1555 2475 1741 2515 manifesta,

154 2540 294 2580 elevata,
334 2540 525 2586 praesertim
568 2541 714 2587 postice‚
759 2540 1009 2588 quadri-latera,
1048 2541 1154 2575 antice
1189 2538 1396 2586 angustiore,
1434 2535 1598 2571 latitudine
1638 2534 1740 2569 basali

157 2598 263 2644 paullo
291 2598 459 2638 breviore,
498 2597 567 2632 basi
595 2604 756 2639 truncata,
792 2599 947 2633 lateribus
973 2598 1042 2633 fere
1068 2599 1183 2640 rectis,
1218 2599 1313 2645 apice
1337 2597 1389 2631 bis
1416 2594 1587 2630 rotundata
1615 2599 1647 2628 et
1671 2593 1737 2628 ele-
