2435 3188
696 255 775 295 122

794 360 968 396 Kocmus
995 357 1094 394 solus
1121 369 1169 393 ex
1195 356 1437 406 scriptoribus,
1466 369 1557 406 quos
1583 368 1691 404 supra
1726 355 1901 404 produxi,
1940 354 2030 390 hanc
2069 366 2234 390 araneam

645 430 833 468 perperam
860 416 1119 458 determinavit;
1148 429 1230 452 nam
1256 415 1348 451 illius
1380 416 1548 451 Trocleosa
1580 415 1724 451 trabalis
1752 414 1898 450 omnino
1924 413 1989 449 alia
2017 418 2070 449 est
2095 414 2236 462 species

645 479 757 529 (Lyc.
785 478 942 513 terricola
971 476 1130 510 Westr.
1157 475 1193 510 in
1220 475 1356 523 literis),
1399 475 1586 509 Trochosae
1613 475 1780 509 ruricolae
1810 473 1891 522 (De
1918 474 2062 521 Geel·.)
2091 472 2237 521 propin-

647 550 731 586 qua,
775 535 832 572 cui
871 535 965 571 nulla
1004 546 1086 569 cum
1120 534 1184 568 Ar.
1216 533 1344 568 trabali
1379 532 1571 568 similitudo
1599 536 1661 567 est.
1722 532 1823 567 Haec
1855 531 1890 566 in
1926 532 2044 566 Troch.
2073 531 2238 567 trabalem

647 594 784 632 Koch.
816 598 913 630 certe
938 605 1011 628 non
1038 591 1185 627 cadunt:
1214 593 1367 627 «Pectus
1392 590 1580 639 nigricans,
1608 590 1798 638 ligamento
1826 590 2020 625 suffusculo
2048 591 2124 626 sive
2151 592 2239 626 linea

648 657 730 697 lata,
757 655 846 690 velut
871 652 1045 688 trabecula
1070 649 1116 685 ad
1144 649 1412 698 longitudinem,
1441 648 1553 696 pedes
1584 661 1670 684 vero
1699 647 1865 696 proxime
1895 648 2034 684 fimbria
2075 649 2239 697 ejusdem

650 713 780 750 coloris
794 716 955 748 notatur»
981 709 1102 755 (etiam
1120 708 1198 750 lata,
1226 707 1425 744 secundum
1453 708 1628 754 figuram).
1684 706 1822 742 «Alvus
1849 716 1893 733 ’-
1921 730 1956 734 —-
1974 730 2018 734 —
2039 707 2115 744 fere
2130 707 2240 743 suffu-

649 774 761 813 scula3
790 774 842 806 ast
863 770 957 805 circa
979 770 1183 815 juncturam
1211 767 1367 816 pectoris
1395 767 1494 815 nigra
1519 766 1619 801 litera
1646 777 1878 800 romanorum
1907 765 1950 807 V,
1978 766 2069 802 linea
2107 766 2240 815 trique-

649 837 701 868 tra
721 828 914 866 suffuscula
938 826 1150 862 intrinsecus
1177 826 1336 875 signata»
1365 824 1556 871 (suctliicez
1590 823 1674 860 med
1707 836 1753 859 en
1786 824 1920 872 spetsig
1952 825 2031 860 oval
2061 824 2130 860 och
2156 825 2241 872 ljus-

650 891 741 927 brun
766 887 853 924 rand
878 886 1017 922 inuti:
1034 892 1153 921 vittam
1168 891 1412 926 acuminatam,
1438 885 1571 925 ovalem,
1599 884 1828 931 suffusculam
1843 884 2051 934 inclucleuti)
2071 891 2104 920 et
2118 895 2244 919 versus

650 961 756 986 anum
780 946 926 983 omnino
953 944 1170 993 inadspicua,
1195 942 1396 979 notabilis.»
1452 944 1662 979 CLERCKIUS
1698 941 1803 988 igitur
1840 942 2045 978 varietatem
2078 944 2159 979 Tar.
2190 957 2243 977 κνο-

653 1014 743 1044 racis
770 1004 908 1041 Koch.
937 1003 1123 1052 descripsit
1149 1008 1254 1052 atque
1293 1001 1470 1051 depinxit,
1500 1001 1637 1037 macula
1665 1000 1860 1037 lanceolata
1889 1001 2092 1038 abdominis
2130 1001 2252 1040 antice

652 1071 785 1103 tantum
813 1076 1004 1112 expressa;
1031 1075 1123 1112 quae
1148 1062 1300 1098 varietas
1327 1073 1406 1096 rara
1434 1073 1506 1096 non
1535 1065 1598 1096 est.

800 1167 838 1202 ln
865 1164 914 1200 Pl.
941 1165 973 1200 4.
1001 1163 1070 1200 tab.
1102 1165 1146 1198 10
1173 1162 1276 1199 aliam
1303 1162 1454 1198 formam
1482 1161 1643 1210 depinxit
1678 1162 1898 1203 (mammes,
1926 1161 1972 1197 de
2000 1174 2069 1210 qua
2093 1172 2170 1209 pag.
2199 1160 2246 1194 98

656 1225 811 1266 disserit,
845 1224 1016 1265 incertus,
1058 1227 1171 1258 utrum
1210 1221 1360 1257 varietas
1389 1220 1499 1256 modo
1535 1222 1578 1255 Α.
1609 1221 1753 1257 trabalis
1780 1221 1831 1263 sit,
1860 1233 1903 1256 an
1932 1220 2072 1256 diversa
2098 1219 2246 1268 species.

655 1288 747 1322 «Hic
773 1285 823 1320 illl
848 1281 1003 1330 (trabali)
1030 1281 1180 1317 omuibus
1202 1280 1365 1330 partibus
1392 1281 1511 1315 similis
1540 1289 1624 1320 erat,
1664 1280 1826 1329 exceptis
1864 1279 2026 1328 pedibus,
2069 1278 2128 1328 qui
2167 1277 2248 1314 huic

655 1344 756 1381 falcia
781 1354 904 1391 parum
933 1340 1167 1389 cingebantur
1193 1338 1385 1387 (suethicez
1413 1338 1673 1388 «undantagne,
1709 1344 1757 1375 att
1786 1339 1912 1375 scittren
1950 1338 1995 1387 pii
2033 1338 2151 1374 denne
2184 1343 2247 1374 {iro

656 1405 730 1441 litet
755 1401 907 1450 haltiga»
935 1420 974 1431 =
998 1415 1032 1435 eo
1059 1407 1206 1448 excepta,
1231 1400 1321 1447 quod
1335 1400 1439 1447 pedes
1467 1404 1502 1433 in
1525 1398 1585 1433 stoc
1611 1400 1734 1447 paullo
1761 1399 1921 1434 annulati
1947 1398 2061 1447 suut).
2119 1398 2250 1432 Taren-

657 1465 730 1502 tula
755 1467 906 1498 taeniam
933 1457 1070 1494 Koch.
1099 1456 1189 1493 haec
1214 1456 1257 1493 sit
1287 1469 1438 1492 neccsse
1467 1461 1528 1498 est,
1558 1469 1646 1505 quae
1673 1457 1813 1505 species
1837 1457 1882 1493 ad
1910 1456 2089 1492 Holmiam
2110 1460 2164 1492 sat
2182 1455 2251 1491 fre-

658 1533 772 1572 quens
798 1518 987 1559 invenitur;
1014 1517 1133 1552 vittam
1160 1515 1255 1552 enim
1282 1515 1327 1551 ad
1351 1515 1547 1564 marginem
1565 1515 1872 1564 cephalothoracis
1889 1515 2131 1564 angustiorem
2145 1514 2253 1551 habet

659 1582 773 1631 figura
798 1579 986 1619 CLERCKII,
1017 1588 1123 1625 quam
1153 1579 1188 1610 ut
1214 1574 1327 1623 possit
1354 1587 1493 1616 aranea,
1521 1588 1626 1624 quam
1643 1574 1787 1623 effingit,
1812 1575 1963 1610 varietas
1988 1587 2069 1611 esse
2096 1574 2252 1610 trabalis.

661 1639 770 1686 Quod
797 1642 914 1674 autem
939 1637 1008 1671 hoc
1033 1633 1231 1682 suspicatus
1259 1638 1313 1668 est
1340 1634 1560 1675 CLERCKIUS,
1595 1634 1631 1669 id
1657 1633 1739 1669 satis
1767 1633 1995 1675 demonstrat,
2037 1634 2101 1669 Ar.
2134 1633 2252 1670 traba-

659 1701 720 1735 lem
745 1697 835 1738 huic,
878 1707 969 1745 quae
1002 1693 1146 1744 generis
1177 1694 1385 1728 Tarentalae
1412 1692 1595 1728 manifeste
1622 1697 1693 1734 est,
1720 1692 1962 1741 propinquum
1990 1691 2108 1734 fuisse,
2136 1705 2255 1742 neque

659 1758 764 1807 igitur
796 1755 983 1792 Trochosae
1005 1752 1110 1788 alicui
1134 1764 1215 1787 esse
1242 1750 1516 1798 subjiciendum.
1544 1775 1588 1779 —
1617 1752 1674 1787 De
1713 1751 1828 1786 forma
1871 1751 2021 1800 partium
2051 1751 2254 1801 genitalium

662 1817 695 1853 in
727 1817 809 1852 Tar.
835 1814 962 1851 trabali
988 1817 1023 1848 et
1052 1812 1135 1847 Tar.
1160 1817 1315 1846 taeniam
1338 1810 1502 1847 videatur
1523 1824 1574 1859 sp.
1605 1811 1643 1846 ὃς
1672 1812 1736 1847 Ar.
1756 1812 2025 1860 pulverulentus.

891 1958 949 2006 Sp.
980 1958 1033 1992 10.
1085 1955 1346 1992 CUNEATUS.
1374 1968 1406 2003 p.
1435 1955 1491 1990 99.
1519 1954 1569 1990 Pl.
1594 1955 1626 1989 4.
1652 1954 1720 1990 tab.
1753 1956 1806 1990 11.

744 2049 806 2082 Syn.
830 2047 958 2082 Lycosa
980 2050 1124 2073 cuneata
1146 2045 1228 2072 Szmd.
1252 2045 1313 2071 Aet.
1336 2043 1430 2070 Holm.
1458 2046 1541 2071 1832.
1564 2053 1588 2080 p.
1615 2046 1678 2070 187.

891 2106 903 2120 «
980 2094 1155 2122 armillata
1183 2095 1276 2120 II'aIck.
1300 2092 1354 2119 Ins.
1378 2092 1442 2129 Apt.
1466 2092 1487 2119 I.
1510 2101 1534 2129 p.
1560 2095 1626 2119 317.

825 2145 898 2182 Lyc.
921 2143 1130 2176 (Tarantula)
1152 2142 1309 2179 clavipes
1331 2142 1407 2169 Koch.
1430 2141 1481 2169 Die
1504 2140 1621 2168 Arachn.
1644 2141 1721 2169 XIV.
1744 2150 1769 2178 p.
1796 2143 1859 2168 190.
1881 2140 1945 2176 figg.
1972 2142 2176 2167 1403—1404.

827 2194 958 2231 Lycosa
1214 2202 1226 2216 «
1330 2192 1421 2218 Westr.
1445 2191 1505 2218 Act.
1529 2189 1650 2217 Gotbob.
1677 2193 1760 2218 1851.
1782 2199 1807 2226 p.
1832 2193 1876 2216 54.

1111 2253 1368 2302 [TARENTULA
1395 2263 1414 2286 c
1422 2263 1445 2287 u
1454 2263 1476 2286 n
1486 2263 1506 2286 e
1516 2263 1536 2286 a
1545 2254 1557 2286 t
1565 2263 1585 2286 a
1608 2250 1811 2301 (Clerclc.)]

814 2365 894 2402 Non
920 2365 1068 2402 dubium
1095 2369 1157 2407 est,
1188 2365 1272 2414 quin
1296 2368 1395 2400 recte
1422 2364 1465 2399 de
1491 2361 1556 2398 hac
1586 2374 1716 2397 aranea
1749 2360 1923 2409 judicavit
1960 2361 2259 2403 SUNDEVALLms,

668 2438 746 2462 eam
780 2437 866 2461 Suae
893 2426 980 2473 [με.
1009 2433 1172 2460 cuneatae
1208 2423 1283 2459 Sive
1327 2424 1409 2459 Tar.
1444 2422 1609 2469 clavipedt'
1651 2419 1786 2456 Koch.
1827 2419 2059 2469 subjungens.
2129 2422 2261 2456 «Alvus

668 2494 767 2521 ovata
807 2482 999 2532 (suethicez
1040 2482 1279 2531 «aggformig,
1314 2480 1441 2522 blek»,
1467 2499 1506 2510 =
1531 2483 1651 2521 ovata,
1672 2479 1838 2529 pallida)
1867 2502 1911 2506 —
1944 2502 1988 2507 -
2016 2502 2059 2507 -—-
2088 2485 2188 2526 nigro
2215 2482 2266 2515 ad

669 2540 910 2590 longitudinem
935 2556 1045 2583 cuneo,
1072 2541 1151 2577 alba
1167 2540 1317 2588 fimbria
1343 2540 1573 2575 circumducto
1591 2554 1613 2575 a
1631 2545 1748 2575 ceteris
1763 2545 1887 2588 optime
1912 2540 2152 2580 discernitur»,
2172 2536 2261 2574 haec

670 2602 879 2638 Ctmzexius
917 2599 994 2648 ipse
1028 2599 1064 2635 in
1104 2598 1344 2647 descriptione
1384 2597 1584 2634 abdominis
1611 2597 1709 2634 dixit.
1774 2598 1819 2633 Et
1845 2598 2002 2635 WALCK.
2031 2601 2065 2633 et
2090 2596 2261 2634 KOCHIUS
