2435 3188
1644 268 1725 308 341

322 370 358 413 ,6.
391 372 675 417 conglomeratum
701 371 783 406 Fa:
811 371 993 418 pumilum‚
1025 370 1179 420 podetiis
1206 372 1385 421 ramisque
1414 372 1644 409 condensatis
1667 374 1781 423 graci-

173 429 348 479 libusque,
373 429 567 479 apotheciis
593 429 752 470 dilatatis,
780 430 998 478 subpileatis.

320 518 414 568 Syn.
456 519 660 565 Btceomyces
689 519 869 567 paschalis
907 517 943 559 β.
972 533 1083 553 mznus
1110 518 1254 554 WNBG.
1291 518 1343 553 Fl.
1373 518 1483 567 Lapp.
1513 533 1544 567 p.
1575 519 1647 554 450
1676 521 1775 567 (excl.

222 580 312 627 syn.)
338 591 404 613 see.
434 576 579 612 SMRFT.

322 650 374 685 St.
396 649 562 697 paschale
587 647 622 689 β.
644 649 815 697 pileatum
843 648 983 684 WNBG.
1015 648 1067 683 Fl.
1096 647 1155 682 Su.
1186 647 1227 682 II.
1251 662 1283 696 p.
1314 648 1384 682 855
1413 662 1454 684 ex
1478 650 1581 697 ipsius
1608 649 1701 685 herb.

317 718 369 754 St.
399 718 690 766 (lactylopltyllum
715 730 746 753 οι.
776 718 921 753 SMRFT.
951 717 1071 766 Suppl.
1100 717 1151 752 Fl.
1179 716 1289 765 Lapp.
1319 731 1350 765 p.
1383 717 1449 752 125
1479 730 1545 752 sec.
1573 731 1665 765 spec.
1691 719 1774 765 orig.

218 779 248 812 in
273 777 365 812 herb.
395 776 437 811 R.
466 776 546 812 Soc.
576 776 633 811 Sc.
659 775 776 824 Upsal.

317 850 369 886 St.
398 850 599 884 corallimcm
626 864 691 884 var.
718 849 784 884 FR.
816 848 854 883 L.
885 848 965 883 Eur.
995 863 1025 896 p.
1054 848 1137 883 ζ202.

315 922 369 958 St.
399 922 595 957 coralloides
621 920 657 963 β.
687 922 975 969 conglomeratum
1003 922 1071 958 ΤΗ.
1099 922 1166 957 FR.
1195 921 1326 956 Comm.
1351 934 1384 968 p.
1414 920 1467 957 17.

314 1015 420 1051 Hab.
450 1015 484 1051 in
509 1015 607 1051 saxis
635 1015 824 1064 platonicis
850 1015 1016 1064 (granitQ
1045 1014 1181 1052 basalto
1200 1019 1282 1064 etc.)
1308 1014 1501 1063 praecipue
1529 1014 1618 1050 locis
1637 1015 1776 1064 pineto—

165 1074 340 1110 montosis
367 1087 432 1122 per
464 1079 573 1110 totam
602 1074 679 1110 fere
708 1075 901 1123 Europam,
930 1075 965 1110 in
995 1074 1173 1110 nonnullis
1204 1078 1322 1109 tamen
1351 1073 1559 1122 regionibus
1586 1087 1774 1110 rarescens

166 1133 222 1169 vel
248 1146 395 1182 prorsus
424 1133 606 1170 deficiens.
662 1134 808 1169 Inventa
837 1139 890 1169 est
915 1133 1030 1169 forma
1058 1133 1222 1182 primaria
1249 1132 1285 1168 111
1311 1132 1498 1181 peninsula
1514 1133 1772 1169 Scandinavica

164 1192 296 1240 passim
313 1192 470 1240 copiose,
499 1193 527 1228 F
531 1192 643 1234 ennia,
671 1193 859 1234 Britannia,
886 1192 1088 1234 Germania,
1113 1191 1285 1233 Helvetia,
1316 1191 1439 1233 Gallia,
1461 1192 1643 1228 montibus
1658 1193 1773 1241 Pyre-

164 1250 271 1292 naeis,
297 1251 458 1287 Vesuvio
484 1264 513 1287 e.
541 1265 568 1289 s.
599 1265 630 1300 p.
682 1252 794 1287 Extra
819 1252 1002 1300 Europam
1027 1251 1213 1292 hactenus,
1257 1254 1427 1300 quantum
1452 1251 1602 1294 scimus,
1645 1251 1772 1288 obser-

162 1314 241 1346 vata
267 1314 321 1346 est
346 1311 380 1345 in
409 1310 559 1346 Sibiriae
585 1310 735 1347 desertis
764 1310 870 1359 (Mus.
900 1310 1014 1346 Acad.
1046 1312 1209 1359 Petrop.)
1237 1314 1272 1345 et
1299 1309 1333 1345 in
1362 1309 1533 1345 America
1555 1311 1772 1359 septentrio-

163 1369 232 1406 nali
249 1369 293 1405 ab
309 1369 423 1405 insula
442 1368 596 1406 Melville
626 1374 661 1406 et
692 1370 805 1406 »Ross
833 1369 941 1405 Inlet«
974 1370 1117 1418 (Hoox.
1145 1369 1207 1419 fil.)
1237 1381 1350 1418 usque
1378 1369 1413 1404 in
1443 1368 1579 1405 Novam
1602 1370 1769 1419 Angliam

164 1427 322 1476 (Montes
349 1428 482 1464 Albos:
511 1429 725 1478 TUCKERM.)
755 1429 991 1464 descendens.
1045 1428 1103 1465 Ob
1126 1428 1207 1464 loca
1235 1427 1361 1463 natalia
1388 1432 1441 1463 sat
1466 1427 1616 1478 insignia
1644 1429 1770 1465 affera—

162 1492 226 1529 tur,
253 1500 319 1523 nos
346 1487 436 1523 hanc
459 1487 617 1536 speciem
647 1488 692 1524 ad
716 1487 1013 1537 argentifodiuam
1049 1487 1233 1523 Salensem
1262 1499 1351 1522 saxa
1382 1488 1540 1522 calcarea
1572 1486 1769 1523 inhabitan-

161 1552 232 1583 tem
265 1546 395 1591 legisse
424 1551 458 1582 et
486 1546 559 1583 Cel.
585 1547 924 1584 HOCHSTETTERUM
961 1559 1040 1582 eam
1075 1546 1110 1582 in
1150 1552 1256 1581 ramis
1280 1552 1430 1595 pinnum
1468 1546 1502 1581 in
1543 1546 1629 1582 silva
1669 1547 1770 1596 nigra

161 1606 261 1656 regni
290 1605 594 1655 Wffirtembergici
621 1606 852 1648 observasse,
888 1605 986 1655 quod
1020 1605 1113 1641 adeo
1141 1605 1321 1653 singulare
1348 1605 1524 1640 inventori
1556 1610 1609 1641 est
1636 1605 1767 1647 visum,

163 1669 198 1700 ut
225 1677 358 1701 novum
385 1664 466 1700 111110
495 1665 634 1713 plantae
661 1665 821 1701 tribuerit
846 1677 979 1700 nomen
1004 1665 1082 1715 (St.
1111 1665 1262 1699 Roesleri
1287 1663 1437 1700 Hochst.
1454 1664 1488 1700 in
1508 1664 1607 1700 herb.
1627 1665 1766 1714 fries),

163 1736 376 1772 quamquam
405 1724 499 1759 nulla
527 1728 713 1772 praeterea
741 1737 779 1760 re
810 1724 935 1759 dissert.
967 1746 1010 1750 —
1040 1724 1124 1759 Var.
1153 1722 1179 1764 β
1215 1735 1296 1757 011111
1326 1722 1441 1758 forma
1468 1723 1633 1772 primaria
1657 1724 1768 1759 mixta

161 1782 290 1831 passim
319 1783 474 1819 occurrit
499 1782 589 1818 locis
616 1783 754 1832 apricis,
784 1782 978 1832 praecipue
1009 1782 1150 1831 alpinis;
1178 1782 1358 1818 nescimus
1386 1789 1521 1824 tamen,
1550 1795 1634 1818 num
1664 1786 1765 1818 extra

162 1841 431 1878 Scandinaviam
458 1842 502 1878 sit
528 1842 727 1878 observata.

307 1932 450 1981 Species
490 1934 602 1969 habitu
636 1933 938 1982 Sphaeroplmrum
977 1933 1189 1967 coralloidem
1234 1933 1482 1981 quodammodo
1524 1934 1679 1974 reserens,
1721 1934 1762 1968 ab

161 1992 311 2026 omnibus
349 1991 536 2040 Europaeis
577 1993 673 2028 valde
710 1993 839 2027 diversa
880 1999 912 2027 et
949 1992 987 2026 ad
1025 1994 1172 2027 exoticas
1214 1993 1315 2027 multo
1352 1995 1456 2040 magis
1496 1993 1670 2028 accedeus.
1726 1991 1764 2027 Si

160 2056 265 2085 autem
296 2065 368 2085 cum
406 2065 467 2100 qua
505 2051 683 2099 Europaea
720 2053 834 2099 specie
866 2053 905 2086 sit
935 2052 1151 2092 conserenda,
1190 2052 1241 2087 St.
1271 2052 1429 2086 cereoliuo
1458 2054 1527 2087 sine
1555 2053 1655 2087 dubio
1684 2066 1762 2100 pro-

158 2111 248 2157 prior
276 2116 326 2144 est
352 2124 447 2158 quam
473 2111 524 2146 St.
547 2111 716 2159 paschali,
743 2125 885 2158 quocum
913 2124 1157 2159 nonnumquam
1187 2112 1396 2145 commixtam
1429 2111 1568 2145 vidimus
1596 2118 1627 2145 et
1651 2125 1666 2145 a
1696 2124 1762 2158 quo

159 2169 329 2203 crescendi
356 2170 456 2204 modo
483 2169 814 2219 (Umbilzsscariarum
844 2170 911 2205 sere
936 2171 1054 2215 simili),
1080 2170 1224 2218 podetiis
1253 2170 1374 2217 rigidis,
1402 2170 1632 2219 pliyllocladiis
1654 2170 1760 2204 coral-

158 2226 439 2270 linoideo-divisis,
467 2230 579 2264 colore
613 2229 809 2264 obscuriore
837 2237 897 2264 etc.
926 2230 1074 2264 facillime
1100 2230 1312 2276 dignoscitur.
1344 2250 1388 2254 —
1416 2230 1559 2263 Podetla
1586 2229 1758 2264 1111311110.

160 2298 262 2332 usque
290 2286 385 2334 longa
414 2289 459 2333 (in
487 2302 551 2323 var.
578 2285 806 2328 β.1111011110111
836 2290 995 2336 attingunt
1019 2288 1279 2336 longitudinem),
1308 2289 1413 2335 primo
1430 2287 1762 2335 ‹ligitato-divergen-

158 2344 209 2384 tia,
236 2344 309 2379 dein
337 2346 584 2389 adscendentia,
610 2348 789 2395 caespitem
807 2361 987 2395 expansum
1013 2348 1182 2382 formantia
1209 2347 1314 2395 (apud
1341 2345 1761 2388 ss.adscer1‹le11ti-erecta,

159 2401 260 2437 dense
276 2405 543 2452 conglomerata),
569 2406 681 2453 rigida,
711 2408 805 2454 apice
835 2408 1013 2454 praecipue
1042 2407 1274 2447 ramosissima,
1302 2407 1398 2440 ramis
1425 2406 1759 2454 divaricato-porrec-

159 2461 214 2500 tis,
241 2462 386 2507 primitus
412 2477 429 2498 e
457 2470 602 2499 tomento
631 2467 716 2499 tenui
744 2467 894 2500 vestienti
923 2468 1069 2507 cinerea,
1098 2480 1175 2500 mox
1204 2472 1312 2500 autem
1340 2466 1453 2512 glabra
1483 2472 1515 2499 et
1542 2466 1659 2501 albida,
1689 2466 1758 2500 basi

160 2519 376 2554 subtestacea.
429 2522 664 2569 Phyllocladt'a
694 2525 741 2558 »in
770 2525 912 2572 podetiis
949 2539 1064 2573 sparsa
1092 2538 1201 2559 ramos
1227 2524 1370 2559 referunt
1396 2526 1426 2558 iu
1455 2525 1597 2559 ramulos
1626 2525 1759 2559 coralli—-

158 2577 297 2611 noideos
324 2578 515 2622 abeuntes«,
541 2583 571 2616 111
596 2594 626 2616 οι.
654 2582 752 2617 latera
779 2585 950 2630 superiora
981 2584 1190 2631 podetiorum
1219 2584 1322 2619 dense
1351 2585 1536 2625 vestientia‚
1564 2585 1593 2618 in
1622 2581 1658 2623 fi.
1688 2585 1757 2631 api-

157 2649 214 2671 ces
243 2650 357 2671 versus
387 2639 489 2685 magis
517 2647 690 2686 congesta,
717 2640 849 2688 fragilia.
907 2641 1114 2690 Cephalodc'a
1141 2644 1276 2685 minuta,
1311 2643 1452 2685 sessum,
1482 2643 1757 2689 viridi-nigrican-
