2435 3188
739 265 824 306 106

832 371 997 406 «Ιιιηίονεε
1024 371 1065 406 ab
1093 371 1210 407 adultis
1237 371 1389 406 differunt
1410 373 1607 420 plerumque
1634 373 1747 408 colore
1774 373 1927 414 clariore,
1955 371 2090 408 maculis
2121 372 2222 408 fuscis
2245 374 2276 407 in

685 431 837 465 omnibus
863 429 988 478 pedum
1015 436 1048 466 et
1074 430 1249 478 palporum
1272 431 1473 473 internodiis,
1499 440 1679 479 ventreque
1708 431 1802 466 fusco
1829 432 1882 466 vel
1910 438 2065 467 testaceo.

832 514 981 550 Habitat
1007 514 1042 549 in
1068 514 1174 556 silvis,
1202 515 1411 563 praesertim
1445 515 1612 563 pinorum
1640 520 1675 552 et
1698 515 1868 556 abietum,
1907 528 1972 563 per
1999 527 2164 565 magnam
2192 514 2281 550 Sue-

683 573 759 610 ciae
785 577 921 622 partem
947 577 999 609 sat
1023 573 1202 622 frequens.
1256 574 1296 608 In
1324 573 1458 621 campis
1484 574 1615 622 apertis
1643 587 1664 610 a
1690 586 1748 609 me
1774 586 1969 623 numquam
1991 574 2074 610 visa.

832 674 868 709 A
901 674 939 709 T.
955 672 1093 721 fabrili
1119 672 1261 708 abunde
1283 672 1409 715 differt,
1439 686 1548 723 quum
1564 674 1688 710 colore
1703 673 2059 709 rufescenti-cinereo
2084 678 2120 710 et
2146 673 2281 722 pictura

680 732 747 769 alia
773 731 984 773 abdominis,
1022 736 1094 767 tum
1123 731 1238 767 forma
1275 733 1439 781 corporis
1467 737 1502 769 et
1531 733 1664 782 pedum
1691 732 1887 782 graciliore,
1918 732 2130 768 mandibulis
2169 735 2280 767 meta-

679 796 775 828 tarso
802 790 918 826 antico
946 789 1181 832 brevioribus,
1211 795 1294 832 cet,
1322 792 1531 840 praesertim
1559 798 1677 829 autem
1702 796 1877 828 structura
1899 790 2050 839 partium
2065 791 2278 841 genitalium.

682 851 813 900 Neque
841 849 932 885 vitae
959 848 1148 899 degendae
1174 849 1262 885 ratio
1289 850 1427 886 eadem.

913 994 972 1043 Sp.
1001 995 1034 1030 2.
1087 994 1386 1030 ACULEATUS.
1413 1007 1446 1043 p.
1474 996 1530 1032 87.
1560 994 1609 1031 Pl.
1639 997 1672 1031 4.
1699 995 1767 1031 tab.
1798 997 1830 1031 3.

826 1080 884 1116 De
908 1079 1075 1130 ambigua
1104 1079 1172 1116 hac
1199 1079 1320 1129 specie
1348 1080 1468 1116 variae
1498 1079 1641 1116 fuerunt
1670 1083 1901 1129 conjecturae
1942 1079 2278 1127 arachnologorum.

682 1139 972 1177 SUNDEVALLIUS
999 1151 1133 1175 nomen
1161 1141 1240 1187 ejus
1267 1139 1403 1188 speciei
1429 1139 1550 1176 tribuit
1576 1140 1672 1187 (Act.
1700 1140 1820 1176 Holm.
1853 1141 1956 1175 1832.
1985 1152 2017 1188 p.
2048 1139 2150 1187 188),
2188 1150 2280 1187 quae

681 1197 776 1246 apud
802 1199 989 1235 KOCHIUM
1021 1200 1105 1234 Tar.
1135 1200 1256 1234 nivalis
1282 1201 1339 1248 (=
1361 1200 1446 1247 Lyc.
1476 1201 1667 1235 meridiana
1694 1198 1841 1246 Hahn.)
1869 1199 2078 1248 appellatur:
2105 1198 2279 1234 KOCHIUS

680 1269 759 1292 eam
799 1269 886 1293 suae
917 1259 999 1293 Tar.
1025 1259 1209 1307 inquilinae
1236 1261 1292 1306 (ε
1317 1259 1402 1306 Lyc.
1431 1257 1587 1307 barbipes
1611 1258 1698 1293 Sun
1708 1258 1763 1294 (Μ’
1793 1282 1835 1287 --
1864 1258 1946 1294 Vide
1972 1270 2050 1307 pag.
2082 1257 2167 1306 100)
2194 1255 2278 1292 sub-

676 1315 797 1362 junxit
822 1316 908 1364 (Die
933 1315 1089 1352 Arachu.
1116 1317 1211 1353 XIV.
1243 1330 1274 1366 p.
1305 1317 1405 1363 164);
1441 1316 1712 1354 VVESTRINGlUS
1740 1331 1827 1353 vero
1860 1319 1956 1366 (Act.
1983 1315 2141 1353 Gothob.
2172 1316 2276 1351 1851.

680 1388 712 1423 p.
737 1375 802 1424 58)
829 1375 993 1424 opinatur
1020 1376 1251 1418 CLERCKwM,
1281 1389 1389 1425 quum
1419 1377 1462 1411 A.
1490 1378 1683 1412 aculeatum
1711 1376 1940 1418 describeret,
1966 1375 2173 1423 exemplum
2194 1376 2277 1410 Tar.

680 1436 865 1483 inquilinae
890 1435 1096 1484 (Clerck.)
1123 1439 1204 1471 ante
1232 1435 1359 1471 oculos
1385 1435 1562 1473 habuisse.
1588 1435 1623 1471 in
1651 1448 1722 1484 quo
1750 1436 1927 1471 femorum
1955 1434 2023 1483 pili,
2050 1434 2201 1470 humore
2217 1434 2277 1470 ali-

682 1506 754 1542 quo
782 1494 1020 1543 conglutinati,
1049 1494 1313 1531 similitudinem
1340 1494 1517 1543 quandam
1546 1493 1732 1530 habuerint
1760 1494 1978 1536 aculeorum,
2012 1507 2103 1543 quos
2132 1494 2277 1529 CLERc-

681 1565 765 1590 111th
789 1553 841 1588 his
866 1553 986 1589 verbis
1013 1558 1287 1589 commemorat:
1328 1554 1506 1589 «Femora
1544 1553 1687 1589 duobus
1714 1553 1846 1589 aculeis
1874 1554 1997 1603 rigent,
2037 1552 2278 1602 magnitudine

682 1618 716 1647 et
737 1611 956 1661 longitudine
982 1617 1017 1648 et
1039 1612 1273 1648 crassitudine
1313 1612 1472 1661 reliquos
1506 1613 1694 1662 quinquies
1736 1618 1795 1648 aut
1824 1613 1946 1649 sexies
1973 1611 2276 1653 excedentibus»;

681 1671 740 1720 qui
769 1671 882 1707 aculei
906 1671 942 1706 in
970 1671 1083 1721 figura
1108 1684 1253 1721 quoque
1282 1676 1484 1707 cernuntur.
1516 1694 1559 1699 —
1588 1672 1678 1713 Jam,
1707 1672 1805 1720 quod
1828 1672 1948 1708 attinet
1963 1672 2007 1707 ad
2035 1674 2276 1719 conjecturam

680 1731 948 1772 SUNDEVALLH,
977 1743 1101 1779 parum
1129 1730 1324 1779 probabilis
1351 1743 1393 1766 ea
1418 1730 1562 1780 quidem
1597 1737 1659 1772 est,
1701 1744 1809 1780 quum
1843 1733 1928 1780 [με.
1960 1732 2117 1766 aculeata
2145 1730 2274 1766 Sund.

678 1790 769 1826 inter
795 1789 953 1825 minores
981 1790 1035 1826 sui
1062 1790 1206 1839 generis
1229 1790 1369 1838 species
1394 1790 1446 1831 sit,
1477 1791 1541 1826 Ar.
1556 1803 1644 1826 vero
1663 1791 1855 1826 aculeatum
1880 1791 2007 1826 eadem
2034 1789 2275 1839 magnitudine

679 1848 881 1897 depinxerit
909 1849 1129 1891 (manemus,
1170 1861 1240 1898 qua
1272 1853 1353 1884 sunt
1380 1851 1423 1885 A.
1447 1849 1595 1896 fabrilis
1623 1853 1658 1885 et
1684 1852 1882 1898 inquilinus,
1911 1849 2182 1885 Tarentularum
2208 1861 2274 1884 no·

678 1912 830 1944 strarum
861 1907 1049 1949 maximae,
1076 1908 1168 1944 inter
1195 1920 1286 1957 quos
1322 1908 1426 1944 etiam
1455 1908 1489 1944 in
1518 1909 1818 1957 descriptionibus
1848 1910 1968 1945 locum
1994 1920 2097 1944 suum
2126 1907 2276 1943 obtinuit

678 1968 721 2004 A.
749 1968 934 2003 aculeatus.
991 1968 1080 2003 Cum
1113 1969 1195 2003 Tar.
1225 1969 1391 2016 inquilina
1421 1967 1556 2004 Koch.
1590 1981 1636 2004 ne
1673 1968 1853 2004 minimam
1894 1967 2038 2017 quidem
2079 1965 2274 2002 similitudi-

678 2039 760 2062 nem
788 2025 920 2062 habent
934 2027 1048 2076 figura
1075 2033 1110 2063 et
1136 2027 1329 2075 descriptio
1358 2028 1401 2063 A.
1429 2029 1586 2064 aculeati.
1641 2027 1878 2064 WEsTmNGn
1906 2026 2027 2075 opinio
2055 2025 2203 2074 propius
2225 2024 2270 2060 ad

675 2098 800 2122 verum
827 2085 1004 2121 accedere
1030 2085 1114 2121 mihi
1139 2086 1287 2128 videtur,
1317 2099 1532 2135 quamquam
1558 2086 1699 2122 difficile
1726 2099 1811 2122 sane
1838 2089 1891 2122 est
1924 2084 2137 2134 intelligere,
2181 2096 2273 2133 quo-

676 2145 786 2180 modo
814 2144 951 2193 possint
976 2145 1035 2193 pili
1071 2145 1300 2194 conglutinati
1327 2145 1420 2181 adeo
1448 2149 1573 2181 auctae
1613 2145 1864 2195 magnitudinis
1899 2144 2056 2193 speciem
2086 2143 2271 2191 praebere.

677 2227 721 2232 --
754 2205 934 2248 Quantum
961 2216 1031 2253 ego
1059 2206 1268 2252 conjectura
1295 2217 1478 2253 assequor,
1509 2204 1584 2240 veri
1611 2204 1823 2240 simillimum
1852 2207 1913 2244 est,
1940 2203 2162 2238 CLERCKIUM
2188 2201 2271 2238 nihil

675 2263 740 2300 nisi
767 2262 913 2298 aculeos
938 2262 1042 2299 binos
1069 2263 1248 2299 femorum
1277 2263 1488 2305 ordinarios,
1519 2263 1578 2312 qui
1605 2264 1639 2299 in
1667 2263 1833 2299 omnibus
1869 2261 1944 2297 fere
1977 2259 2082 2308 hujus
2119 2261 2270 2297 familiae

675 2321 798 2358 formis
821 2321 966 2370 reliquis
994 2322 1127 2359 aculeis
1154 2324 1311 2370 majores
1333 2326 1422 2364 sunt,
1452 2335 1536 2358 casu
1559 2326 1593 2358 et
1615 2321 1759 2358 fortuito
1787 2321 1821 2356 in
1848 2332 1914 2355 suo
1942 2321 1984 2355 A.
2009 2321 2163 2356 aculeato
2182 2332 2268 2356 con-

674 2379 848 2428 spexisse,
879 2391 969 2427 quos
994 2393 1083 2416 vero
1110 2381 1146 2417 in
1171 2381 1298 2418 ceteris
1322 2381 1395 2416 suis
1421 2380 1612 2428 Lycosidis
1637 2392 1709 2415 non
1745 2379 2002 2420 observaverim
2046 2383 2080 2415 et
2112 2379 2270 2428 speciem

675 2438 764 2475 illan]
797 2439 878 2473 Tar.
907 2445 1094 2475 taenialam
1120 2438 1257 2475 Koch.
1283 2438 1402 2480 fuisse,
1430 2440 1532 2485 cujus
1554 2438 1760 2475 varietatem
1802 2438 1912 2474 dorso
1950 2437 2153 2474 abdominis
2192 2442 2267 2474 toto

674 2495 915 2537 sub-cinereo,
944 2501 981 2532 ut
1005 2502 1058 2533 est
1086 2498 1198 2547 figura
1221 2498 1264 2533 A.
1282 2498 1438 2538 aculeati,
1464 2509 1537 2533 non
1563 2510 1644 2533 raro
1672 2497 1857 2533 invenitur.
1911 2497 1952 2533 Id
1979 2509 2066 2532 vero
2095 2496 2141 2531 ad
2167 2496 2269 2545 liqui-

673 2555 758 2592 dum
787 2554 1064 2604 confessumque
1091 2556 1240 2604 perduci
1269 2555 1329 2591 vix
1357 2568 1512 2604 unquam
1538 2555 1677 2604 poterit,
1703 2556 1939 2605 quamobrem
1967 2556 2070 2592 etiam
2095 2555 2266 2604 optimum

670 2613 804 2661 judico,
827 2612 918 2649 hanc
946 2614 1103 2662 speciem
1125 2614 1210 2650 nulli
1238 2627 1286 2650 ex
1309 2613 1433 2650 formis
1459 2613 1568 2650 hodie
1595 2615 1743 2664 cognitis
1770 2615 1999 2665 subjungere,
2034 2626 2102 2650 nec
2127 2626 2260 2650 nomen
