2435 3188
711 263 767 303 64

654 380 693 404 re
717 367 938 416 profuerunt,
966 367 1175 417 praesertim
1191 369 1294 416 legem
1314 374 1524 417 prioritatis,
1551 380 1658 418 quam
1670 370 1810 408 vocant,
1838 365 2103 409 confirmandm
2132 377 2255 416 quam-

655 439 763 475 quam
789 439 867 462 eam
895 426 941 462 ita
965 431 1163 463 statuerunt
1187 427 1254 463 viri
1279 427 1327 462 illi
1355 427 1559 469 doctissimi,
1588 433 1626 463 ut
1650 439 1764 476 pauca
1790 429 1887 462 certe
1915 430 2039 461 contra
2073 426 2142 462 dici
2169 439 2255 475 pos-

654 485 732 521 sint.
788 485 897 530 Quod
923 486 1027 521 etiam
1053 485 1136 520 fecit
1154 485 1443 522 SUNDEVALLms
1464 486 1516 533 (in
1538 475 1790 521 Arsberdttelse
1804 487 1901 532 ofver
1918 486 2117 532 Zoologiens
2127 486 2255 532 fram-

655 553 731 591 steg
757 549 929 581 1840—‚42
922 545 963 595 )
994 544 1054 593 qui
1080 547 1178 579 recte
1207 543 1323 585 docet,
1347 543 1583 591 principatum
1607 543 1705 579 illum
1734 550 1905 579 nominum
1933 545 2136 585 trivialium,
2164 556 2256 593 quae

657 607 840 644 vocantur,
869 615 942 638 non
969 603 1015 638 ad
1042 603 1202 638 LINNAEI
1230 602 1398 650 Systema
1424 601 1578 637 Naturae
1605 603 1672 637 Ed.
1700 604 1779 637 XII
1803 607 1936 638 tantum
1971 602 2178 644 ascendere,
2219 606 2257 637 ut

656 661 848 697 voluerunt
872 661 928 702 illi,
956 660 1023 696 sed
1049 673 1165 710 usque
1191 660 1237 696 ad
1263 662 1331 696 Ed.
1358 662 1404 702 X,
1435 660 1496 696 ubi
1523 660 1785 696 nominationes
1811 660 2014 696 animalium
2040 660 2254 702 binomines,

657 720 786 770 quibus
809 732 904 755 nunc
934 719 1081 761 utimur,
1117 721 1193 767 jam
1233 724 1438 755 constanter
1475 718 1649 755 adhibitas
1686 718 1924 755 inveniamus:
1966 726 2102 755 nomina
2139 724 2257 755 autem

655 794 820 826 generum
847 780 915 826 jam
945 777 981 813 in
1009 779 1075 814 Ed.
1101 780 1126 814 I
1148 778 1314 826 ejusdem
1341 778 1461 827 operis
1489 791 1569 814 esse
1597 778 1750 820 definita,
1782 790 1802 813 a
1827 790 1897 826 qua
1917 778 2024 827 igitur
2048 778 2255 814 eorumini-

658 838 744 874 tium
768 841 973 885 repetamus
992 850 1143 873 necesse
1169 837 1222 873 sit.
1249 860 1297 865 —
1324 837 1400 873 Etsi
1424 836 1564 887 legibus
1585 837 1660 879 illis,
1689 849 1839 886 quarum
1866 836 2101 878 meminimus,
2128 837 2258 873 ceteris

659 897 695 932 in
720 896 830 932 rebus
858 895 1109 945 obtemperare
1137 896 1254 932 conati
1280 908 1414 938 sumus,
1442 900 1569 938 tamen,
1601 896 1700 945 quod
1740 895 1785 931 ad
1811 895 2046 944 principatum
2073 895 2258 931 nominum

659 955 846 991 trivialium
872 955 1002 997 attinet,
1033 968 1053 990 a
1079 955 1263 996 sententia,
1293 967 1385 1003 quae
1410 954 1444 990 in
1471 955 1514 991 iis
1542 955 1761 1003 exprimitur,
1789 954 1940 990 discedit
1964 954 2085 1003 opinio
2113 966 2261 1003 quoque

660 1017 791 1049 nostra.
845 1014 948 1058 Quae
976 1014 1121 1049 nomina
1147 1026 1220 1049 11011
1248 1026 1268 1049 a
1295 1014 1464 1050 LINNAEO
1490 1015 1641 1062 ejusque
1670 1015 1764 1063 Syst.
1791 1013 1867 1049 Nat.
1883 1013 1949 1049 Ed.
1967 1014 2034 1049 XII
2049 1013 2103 1049 vel
2121 1014 2156 1049 X
2178 1025 2260 1048 esse

660 1072 857 1122 repetenda
881 1085 1090 1115 censemus,
1130 1073 1195 1108 sed
1225 1085 1246 1108 a
1276 1072 1437 1121 quolibet
1473 1073 1663 1121 scriptore,
1701 1079 1898 1122 quicumque
1935 1082 2093 1109 constans
2126 1071 2190 1108 sibi
2215 1073 2266 1108 ad

659 1133 816 1179 singulas
856 1133 978 1167 classes
1008 1133 1061 1167 vel
1092 1134 1225 1167 ordines
1258 1133 1460 1167 animalium
1490 1132 1549 1181 (et
1573 1138 1735 1181 stirpium
1732 1133 1763 1182 )
1797 1137 2037 1168 nominationes
2072 1132 2261 1173 binomines,

662 1206 732 1227 mea
751 1206 827 1226 cum
842 1191 1134 1240 descriptionibus,
1163 1197 1197 1226 in
1225 1206 1322 1240 opere
1341 1197 1434 1240 typis
1448 1197 1630 1240 ars-cripta,
1651 1197 1792 1241 primus
1813 1190 2016 1227 adhibuerit.
2069 1192 2262 1228 LINNAEUS

663 1250 809 1300 quidem
836 1249 961 1285 harum
991 1250 1273 1285 nominationum
1301 1250 1466 1286 inventor
1491 1254 1526 1285 et
1554 1254 1679 1285 auctor
1705 1249 1776 1292 fuit,
1806 1255 1840 1286 et
1865 1250 1908 1286 iis
1935 1250 1970 1286 in
1998 1250 2178 1299 plerisque
2205 1261 2263 1285 re-

662 1321 742 1345 rum
769 1312 916 1345 naturae
943 1308 1116 1345 elassibus
1144 1309 1278 1358 primus
1306 1322 1452 1358 quoque
1478 1322 1563 1345 usus
1590 1313 1660 1351 est;
1703 1322 1751 1345 ex
1777 1322 1848 1358 quo
1877 1316 1995 1346 autem
2025 1309 2123 1345 nullo
2150 1308 2262 1344 modo

663 1368 823 1410 efficitur,
856 1367 990 1417 ubique
1022 1381 1104 1404 eum
1131 1368 1168 1403 id
1192 1368 1331 1404 fecisse.
1385 1367 1474 1403 Nam
1499 1368 1662 1404 videmus
1692 1369 1737 1404 ad
1764 1384 1913 1404 araneas
1929 1369 2152 1406 CLERCKIUM
2168 1370 2264 1416 ejus—

664 1428 763 1464 modi
801 1427 947 1463 nomina
975 1432 1055 1463 ante
1083 1427 1286 1463 LINNAEUM
1323 1426 1538 1469 adhibuisse,
1580 1427 1817 1476 quamobrem
1857 1428 1961 1463 etiam
1997 1428 2088 1463 illius
2118 1426 2263 1462 nomina

663 1486 877 1522 Linnaeanis
905 1486 1155 1534 anteponenda
1182 1499 1262 1522 esse
1291 1486 1482 1522 contendo.
1537 1486 1750 1523 canemus
1777 1486 1919 1522 auditor
1951 1486 2014 1522 fuit
2047 1491 2081 1522 et
2109 1486 2263 1534 discipu-

662 1545 717 1581 lus
744 1546 912 1586 ΙΛΝΝΑΕΙ,
941 1549 978 1580 ut
1003 1545 1079 1594 ipse
1103 1545 1138 1580 in
1167 1545 1357 1593 prooemio
1385 1545 1473 1586 libri,
1503 1545 1563 1594 qui
1588 1547 1720 1581 Arana·
1746 1546 1878 1581 Suecici
1891 1546 2102 1588 inscribitur,
2129 1549 2262 1585 narrat;

666 1604 710 1639 ab
737 1604 797 1639 illo
820 1604 925 1653 igitur
948 1603 1116 1640 binorum
1142 1604 1328 1639 nominum
1365 1604 1539 1639 rationem
1568 1604 1703 1646 didicit,
1733 1618 1802 1653 qua
1829 1609 1997 1641 constans
2024 1605 2091 1641 sibi
2119 1616 2263 1652 semper

667 1663 782 1699 utitur.
836 1662 998 1704 Nomina,
1028 1662 1158 1711 quibus
1185 1669 1311 1711 species
1340 1667 1447 1699 notat„
1475 1664 1629 1698 trivialia
1658 1676 1813 1712 quoque,
1841 1669 1879 1699 ut
1904 1664 1982 1712 ipse
2006 1664 2207 1705 L1NNAEUS,
2228 1662 2264 1698 in

666 1722 799 1758 eodem
827 1721 1017 1770 prooemio
1043 1727 1157 1757 vocat.
1221 1722 1295 1757 Sed
1330 1721 1422 1757 dicat
1448 1721 1599 1757 fortasse
1633 1722 1823 1771 quispiam,
1853 1723 2032 1770 ejusmodi
2059 1722 2205 1759 nomina
2230 1726 2266 1757 ut

667 1784 792 1818 «litera
817 1783 860 1817 X
882 1790 1043 1817 notatus»
1079 1783 1188 1829 (quae
1215 1781 1327 1816 tribus
1359 1780 1448 1816 locis
1479 1780 1513 1816 in
1547 1794 1659 1829 opere
1688 1782 1867 1818 CLERCKII
1893 1783 2152 1829 inveniuntur),
2181 1794 2266 1817 vere

669 1841 860 1876 «trivialia»
886 1840 1055 1888 appellari
1080 1852 1153 1875 11011
1179 1853 1297 1888 posse,
1326 1852 1435 1889 quum
1464 1852 1511 1875 ex
1539 1840 1682 1876 (luobus
1710 1841 1867 1876 tribusve
1881 1841 2001 1877 verbis
2017 1842 2167 1877 formata
2182 1841 2267 1878 sintz

668 1904 702 1935 at
726 1899 876 1935 verbum
907 1898 1075 1934 «literae»
1105 1898 1149 1933 ad
1178 1899 1295 1947 ipsum
1322 1912 1455 1934 nomon
1481 1912 1552 1935 11011
1579 1899 1740 1948 pertinet,
1770 1904 1806 1935 ut
1829 1912 1877 1936 ex
1892 1913 1937 1935 eo
1954 1899 2055 1936 facile
2069 1899 2265 1949 intelligere

668 1970 874 2006 possumus,
908 1957 1006 2006 quod
1033 1957 1067 1992 in
1095 1960 1218 1999 indice,
1250 1971 1357 2007 quem
1392 1962 1557 1994 extremo
1593 1958 1685 1994 libro
1729 1958 1893 2006 adjunxit
1934 1960 2154 2001 CLERCKIUS,
2198 1958 2268 1994 hoc

667 2017 820 2053 verbum
847 2029 920 2052 11011
954 2017 1145 2065 reperitur:
1184 2017 1232 2052 ibi
1266 2017 1360 2053 enim
1402 2017 1557 2066 species,
1600 2017 1730 2066 quibus
1760 2018 1817 2054 illa
1849 2018 1996 2054 nomina
2031 2019 2266 2066 imposuerat,

669 2078 830 2113 Araneus
855 2088 881 2111 x
906 2085 1053 2117 notatus,
1083 2078 1125 2111 Λ.
1154 2089 1175 2110 v
1203 2083 1387 2123 insignitus
1421 2081 1455 2111 et
1492 2078 1535 2112 A.
1570 2090 1591 2112 v
1625 2086 1762 2113 notatus
1790 2077 2019 2125 appellantur.
2075 2079 2178 2122 Quae
2203 2089 2268 2112 110-

670 2136 764 2171 1111110
789 2139 885 2170 certe
911 2140 981 2170 tam
1011 2134 1106 2170 bona
1133 2139 1232 2177 sunt,
1269 2148 1374 2184 quam
1416 2136 1577 2172 Curculio
1616 2137 1654 2171 T.
1682 2136 1811 2177 album,
1839 2137 2018 2171 Phalaeua
2048 2137 2083 2173 C.
2111 2143 2267 2183 nigrum,

675 2194 833 2232 Cm'abvs
868 2209 957 2229 cmm*
994 2199 1112 2241 major,
1153 2195 1283 2244 Cym‘ps
1311 2210 1453 2243 quercus
1478 2196 1576 2239 folii,
1613 2195 1649 2231 C.
1676 2196 1791 2231 salicis
1825 2195 1956 2230 strobili
1987 2199 2067 2237 cet„
2101 2207 2192 2243 quae
2222 2194 2266 2230 ab

668 2255 748 2303 ipso
775 2255 946 2290 L1NNAEO
974 2253 1130 2288 adhibita
1154 2254 1189 2289 in
1212 2255 1359 2289 Faunae
1386 2255 1545 2289 Suecicne
1560 2255 1627 2289 Ed.
1646 2254 1749 2289 etiam
1774 2256 1819 2289 II
1835 2255 2070 2290 inveniuntur.
2099 2275 2143 2280 —
2167 2254 2269 2302 Opus

672 2314 851 2349 CLERCKII
876 2325 970 2347 anilo
1002 2313 1095 2348 1757
1121 2312 1216 2360 typis
1244 2313 1463 2361 exscriptum
1492 2318 1553 2354 est,
1581 2312 1647 2348 Ed.
1676 2325 1764 2347 vero
1791 2314 1825 2348 X
1853 2313 2043 2361 Systemat.
2076 2311 2149 2348 Nat.
2174 2325 2268 2348 anno

674 2373 785 2409 1758:
814 2371 849 2406 in
877 2384 949 2419 quo
976 2371 1068 2406 libro
1096 2371 1286 2407 L1NNAEUS
1314 2371 1559 2420 compluribus
1588 2371 1677 2406 locis
1704 2370 1848 2406 nomina
1876 2370 2083 2406 (Tlerckiana
2105 2371 2214 2407 refert
2236 2376 2271 2407 et

673 2434 791 2466 servat
820 2442 981 2478 quoque;
1022 2442 1132 2478 quare
1175 2430 1255 2465 luce
1290 2430 1417 2465 clarius
1449 2434 1517 2470 est,
1554 2430 1670 2477 ipsum
1703 2430 1904 2465 LINNAEUM
1941 2443 1983 2465 ea
2010 2430 2210 2479 antiquiora
2236 2435 2270 2467 et

672 2490 814 2538 potiora
841 2487 998 2523 duxisse.
1055 2489 1161 2532 Quod
1188 2493 1305 2523 autom
1334 2489 1513 2524 CLERCKII
1550 2488 1694 2523 nomina
1721 2488 1861 2536 saepius
1897 2489 2001 2524 etiam
2041 2502 2114 2524 11011
2144 2489 2268 2531 habet,

671 2548 708 2584 id
734 2560 782 2583 ex
809 2559 854 2582 eo
881 2547 1037 2594 pendere
1066 2546 1215 2588 videtur,
1243 2547 1350 2595 quod,
1378 2559 1450 2595 quo
1478 2550 1642 2594 tempore
1671 2547 1852 2584 CLERcKn
1879 2548 1970 2583 liber
1996 2548 2028 2584 in
2052 2548 2169 2584 lucem
2194 2548 2268 2583 edi-

672 2612 728 2643 tus
756 2610 817 2648 est,
846 2609 918 2641 tum
947 2604 1022 2640 fere
1051 2605 1211 2641 confecta
1236 2610 1311 2641 erat
1337 2606 1401 2641 Ed.
1429 2606 1463 2641 X
1491 2605 1680 2654 Systemat.
1706 2605 1860 2643 Naturae
1887 2613 1922 2643 et
1948 2613 2076 2656 parata,
2106 2611 2142 2643 ut
2168 2606 2269 2656 prelo
