<?xml version="1.0" encoding="UTF-8"?>
<!DOCTYPE html PUBLIC "-//W3C//DTD XHTML 1.0 Transitional//EN"
    "http://www.w3.org/TR/xhtml1/DTD/xhtml1-transitional.dtd">
<html xmlns="http://www.w3.org/1999/xhtml" xml:lang="en" lang="en">
 <head>
  <title>
</title>
<meta http-equiv="Content-Type" content="text/html;charset=utf-8" />
  <meta name='ocr-system' content='tesseract 3.04.00' />
  <meta name='ocr-capabilities' content='ocr_page ocr_carea ocr_par ocr_line ocrx_word'/>
</head>
<body>
  <div class='ocr_page' id='page_1' title='image "./novaactaregiaeso325658kung_0081.png"; bbox 0 0 2435 3188; ppageno 0'>
   <div class='ocr_carea' id='block_1_1' title="bbox 1670 263 1722 304">
    <p class='ocr_par' dir='ltr' id='par_1_1' title="bbox 1670 263 1722 304">
     <span class='ocr_line' id='line_1_1' title="bbox 1670 263 1722 304; baseline -0.019 0"><span class='ocrx_word' id='word_1_1' title='bbox 1670 263 1722 304; x_wconf 83' lang='grc'>69</span> 
     </span>
    </p>
   </div>
   <div class='ocr_carea' id='block_1_2' title="bbox 171 361 1780 884">
    <p class='ocr_par' dir='ltr' id='par_1_2' title="bbox 174 361 1779 648">
     <span class='ocr_line' id='line_1_2' title="bbox 177 361 1779 413; baseline 0.001 -11"><span class='ocrx_word' id='word_1_2' title='bbox 177 375 198 408; x_wconf 75' lang='lat'>3</span> <span class='ocrx_word' id='word_1_3' title='bbox 223 370 258 402; x_wconf 85' lang='lat' dir='ltr'>et</span> <span class='ocrx_word' id='word_1_4' title='bbox 284 369 302 402; x_wconf 73' lang='lat'>2</span> <span class='ocrx_word' id='word_1_5' title='bbox 326 365 347 399; x_wconf 99' lang='grc'>2</span> <span class='ocrx_word' id='word_1_6' title='bbox 373 363 429 399; x_wconf 90' lang='lat' dir='ltr'>lin.</span> <span class='ocrx_word' id='word_1_7' title='bbox 455 363 530 399; x_wconf 87' lang='lat' dir='ltr'>sive</span> <span class='ocrx_word' id='word_1_8' title='bbox 556 363 578 397; x_wconf 77' lang='lat'><em>4</em></span> <span class='ocrx_word' id='word_1_9' title='bbox 609 362 642 404; x_wconf 53' lang='grc' dir='ltr'>’Δ</span> <span class='ocrx_word' id='word_1_10' title='bbox 675 361 860 398; x_wconf 88' lang='lat' dir='ltr'>millimetr.</span> <span class='ocrx_word' id='word_1_11' title='bbox 889 362 987 412; x_wconf 79' lang='lat' dir='ltr'>longi</span> <span class='ocrx_word' id='word_1_12' title='bbox 1013 369 1095 399; x_wconf 92' lang='lat' dir='ltr'>sunt</span> <span class='ocrx_word' id='word_1_13' title='bbox 1121 362 1330 413; x_wconf 80' lang='lat' dir='ltr'>(WALCK.):</span> <span class='ocrx_word' id='word_1_14' title='bbox 1357 364 1393 400; x_wconf 89' lang='lat' dir='ltr'>in</span> <span class='ocrx_word' id='word_1_15' title='bbox 1421 366 1619 408; x_wconf 76' lang='lat' dir='ltr'><em>Germania,</em></span> <span class='ocrx_word' id='word_1_16' title='bbox 1647 379 1779 403; x_wconf 89' lang='lat' dir='ltr'>secun-</span> 
     </span>
     <span class='ocr_line' id='line_1_3' title="bbox 179 401 1779 474; baseline 0.001 -14"><span class='ocrx_word' id='word_1_17' title='bbox 179 425 260 460; x_wconf 88' lang='lat' dir='ltr'>dum</span> <span class='ocrx_word' id='word_1_18' title='bbox 302 423 501 463; x_wconf 77' lang='lat' dir='ltr'>Kocnnnvi,</span> <span class='ocrx_word' id='word_1_19' title='bbox 537 425 559 458; x_wconf 78' lang='grc' dir='ltr'><em>ὃ</em></span> <span class='ocrx_word' id='word_1_20' title='bbox 582 421 605 455; x_wconf 90' lang='grc'>2</span> <span class='ocrx_word' id='word_1_21' title='bbox 644 420 700 456; x_wconf 89' lang='lat' dir='ltr'>lin</span> <span class='ocrx_word' id='word_1_22' title='bbox 729 443 760 456; x_wconf 83' lang='lat'><strong><em>=</em></strong></span> <span class='ocrx_word' id='word_1_23' title='bbox 785 421 863 471; x_wconf 68' lang='lat'>4¹!</span> <span class='ocrx_word' id='word_1_24' title='bbox 903 401 1035 457; x_wconf 87' lang='lat' dir='ltr'>millim.</span> <span class='ocrx_word' id='word_1_25' title='bbox 1063 421 1211 471; x_wconf 80' lang='lat' dir='ltr'>longus,</span> <span class='ocrx_word' id='word_1_26' title='bbox 1240 427 1257 459; x_wconf 70' lang='grc'>2</span> <span class='ocrx_word' id='word_1_27' title='bbox 1285 428 1404 459; x_wconf 86' lang='lat' dir='ltr'>autem</span> <span class='ocrx_word' id='word_1_28' title='bbox 1436 424 1507 459; x_wconf 86' lang='lat'>3—</span> <span class='ocrx_word' id='word_1_29' title='bbox 1512 425 1589 474; x_wconf 68' lang='lat'>3¹!</span> <span class='ocrx_word' id='word_1_30' title='bbox 1620 424 1676 461; x_wconf 93' lang='lat' dir='ltr'>lin.</span> <span class='ocrx_word' id='word_1_31' title='bbox 1704 426 1779 462; x_wconf 91' lang='lat' dir='ltr'>sive</span> 
     </span>
     <span class='ocr_line' id='line_1_4' title="bbox 178 450 1777 529; baseline 0.001 -11"><span class='ocrx_word' id='word_1_32' title='bbox 178 482 314 519; x_wconf 85' lang='lat' dir='ltr'>circite1</span> <span class='ocrx_word' id='word_1_33' title='bbox 338 481 359 515; x_wconf 87' lang='lat'><strong>6</strong></span> <span class='ocrx_word' id='word_1_34' title='bbox 382 479 479 529; x_wconf 55' lang='grc'>92-</span> <span class='ocrx_word' id='word_1_35' title='bbox 498 479 519 516; x_wconf 94' lang='lat'><strong>7</strong></span> <span class='ocrx_word' id='word_1_36' title='bbox 541 479 577 528; x_wconf 71' lang='lat' dir='ltr'>¹l2</span> <span class='ocrx_word' id='word_1_37' title='bbox 609 478 755 520; x_wconf 86' lang='lat' dir='ltr'>millim.;</span> <span class='ocrx_word' id='word_1_38' title='bbox 796 491 865 529; x_wconf 80' lang='lat' dir='ltr'>ego</span> <span class='ocrx_word' id='word_1_39' title='bbox 905 480 977 516; x_wconf 90' lang='lat' dir='ltr'>duo</span> <span class='ocrx_word' id='word_1_40' title='bbox 1005 493 1123 516; x_wconf 87' lang='lat' dir='ltr'>mares</span> <span class='ocrx_word' id='word_1_41' title='bbox 1126 450 1300 523; x_wconf 51' lang='grc' dir='ltr'>ζῆειάιιΙῑοε,</span> <span class='ocrx_word' id='word_1_42' title='bbox 1327 481 1372 518; x_wconf 87' lang='lat' dir='ltr'>ad</span> <span class='ocrx_word' id='word_1_43' title='bbox 1402 454 1589 519; x_wconf 66' lang='lat' dir='ltr'>Holmiam2</span> <span class='ocrx_word' id='word_1_44' title='bbox 1598 483 1777 520; x_wconf 89' lang='lat' dir='ltr'>inventos</span> 
     </span>
     <span class='ocr_line' id='line_1_5' title="bbox 175 508 1779 590; baseline 0.001 -13"><span class='ocrx_word' id='word_1_45' title='bbox 175 539 352 590; x_wconf 84' lang='lat' dir='ltr'><strong>possideo,</strong></span> <span class='ocrx_word' id='word_1_46' title='bbox 380 509 508 587; x_wconf 70' lang='lat' dir='ltr'>lo²ngos</span> <span class='ocrx_word' id='word_1_47' title='bbox 535 508 755 573; x_wconf 65' lang='lat' dir='ltr'><strong>m2fflimetros</strong></span> <span class='ocrx_word' id='word_1_48' title='bbox 779 539 811 574; x_wconf 83' lang='lat'>9.</span> <span class='ocrx_word' id='word_1_49' title='bbox 818 508 996 575; x_wconf 40' lang='lat' dir='ltr'>&amp;Maxima</span> <span class='ocrx_word' id='word_1_50' title='bbox 1020 538 1243 582; x_wconf 87' lang='lat' dir='ltr'>feminarum,</span> <span class='ocrx_word' id='word_1_51' title='bbox 1285 553 1373 590; x_wconf 90' lang='lat' dir='ltr'>quas</span> <span class='ocrx_word' id='word_1_52' title='bbox 1388 541 1469 584; x_wconf 88' lang='lat' dir='ltr'>vidi,</span> <span class='ocrx_word' id='word_1_53' title='bbox 1486 541 1647 577; x_wconf 87' lang='lat' dir='ltr'>nondum</span> <span class='ocrx_word' id='word_1_54' title='bbox 1662 547 1779 579; x_wconf 88' lang='lat' dir='ltr'>tamen</span> 
     </span>
     <span class='ocr_line' id='line_1_6' title="bbox 174 596 1044 648; baseline -0.001 -13"><span class='ocrx_word' id='word_1_55' title='bbox 174 598 306 640; x_wconf 85' lang='lat' dir='ltr'>adulta,</span> <span class='ocrx_word' id='word_1_56' title='bbox 335 598 356 633; x_wconf 89' lang='grc'>9</span> <span class='ocrx_word' id='word_1_57' title='bbox 384 609 427 633; x_wconf 89' lang='lat' dir='ltr'>ea</span> <span class='ocrx_word' id='word_1_58' title='bbox 453 609 599 646; x_wconf 89' lang='lat' dir='ltr'>quoque</span> <span class='ocrx_word' id='word_1_59' title='bbox 626 596 757 632; x_wconf 89' lang='lat' dir='ltr'>millim.</span> <span class='ocrx_word' id='word_1_60' title='bbox 781 596 890 647; x_wconf 79' lang='lat' dir='ltr'>longa</span> <span class='ocrx_word' id='word_1_61' title='bbox 916 603 1000 634; x_wconf 89' lang='lat' dir='ltr'>erat.</span> <span class='ocrx_word' id='word_1_62' title='bbox 1017 600 1044 648; x_wconf 71' lang='lat'>⁶)</span> 
     </span>
    </p>

    <p class='ocr_par' dir='ltr' id='par_1_3' title="bbox 171 655 1780 884">
     <span class='ocr_line' id='line_1_7' title="bbox 354 655 1779 708; baseline 0.002 -16"><span class='ocrx_word' id='word_1_63' title='bbox 354 656 580 692; x_wconf 87' lang='lat' dir='ltr'>Desideranti</span> <span class='ocrx_word' id='word_1_64' title='bbox 605 655 690 691; x_wconf 89' lang='lat' dir='ltr'>mihi</span> <span class='ocrx_word' id='word_1_65' title='bbox 715 656 781 704; x_wconf 90' lang='lat' dir='ltr'>Ep.</span> <span class='ocrx_word' id='word_1_66' title='bbox 809 657 996 707; x_wconf 80' lang='lat' dir='ltr'>angulatae</span> <span class='ocrx_word' id='word_1_67' title='bbox 1022 657 1267 707; x_wconf 79' lang='lat' dir='ltr'>cognitionem</span> <span class='ocrx_word' id='word_1_68' title='bbox 1292 670 1359 706; x_wconf 88' lang='lat' dir='ltr'>pro</span> <span class='ocrx_word' id='word_1_69' title='bbox 1390 658 1479 694; x_wconf 89' lang='lat' dir='ltr'>virili</span> <span class='ocrx_word' id='word_1_70' title='bbox 1507 659 1682 708; x_wconf 86' lang='lat' dir='ltr'>expedire</span> <span class='ocrx_word' id='word_1_71' title='bbox 1699 659 1779 695; x_wconf 86' lang='lat' dir='ltr'>utile</span> 
     </span>
     <span class='ocr_line' id='line_1_8' title="bbox 173 714 1779 767; baseline 0.002 -16"><span class='ocrx_word' id='word_1_72' title='bbox 173 716 284 752; x_wconf 88' lang='lat' dir='ltr'>visum</span> <span class='ocrx_word' id='word_1_73' title='bbox 318 720 372 752; x_wconf 88' lang='lat' dir='ltr'>est</span> <span class='ocrx_word' id='word_1_74' title='bbox 397 727 502 765; x_wconf 91' lang='lat' dir='ltr'>quam</span> <span class='ocrx_word' id='word_1_75' title='bbox 530 714 685 751; x_wconf 84' lang='lat' dir='ltr'>maxime</span> <span class='ocrx_word' id='word_1_76' title='bbox 718 715 896 763; x_wconf 90' lang='lat' dir='ltr'>potuerim</span> <span class='ocrx_word' id='word_1_77' title='bbox 933 721 1135 753; x_wconf 82' lang='lat' dir='ltr'>accuratam</span> <span class='ocrx_word' id='word_1_78' title='bbox 1162 720 1197 752; x_wconf 89' lang='lat' dir='ltr'>et</span> <span class='ocrx_word' id='word_1_79' title='bbox 1225 716 1366 765; x_wconf 84' lang='lat' dir='ltr'>plenam</span> <span class='ocrx_word' id='word_1_80' title='bbox 1395 719 1475 766; x_wconf 88' lang='lat' dir='ltr'>ejus</span> <span class='ocrx_word' id='word_1_81' title='bbox 1502 717 1779 767; x_wconf 82' lang='lat' dir='ltr'>descriptionem</span> 
     </span>
     <span class='ocr_line' id='line_1_9' title="bbox 173 773 1780 826; baseline 0.002 -16"><span class='ocrx_word' id='word_1_82' title='bbox 173 774 267 810; x_wconf 87' lang='lat' dir='ltr'>dare.</span> <span class='ocrx_word' id='word_1_83' title='bbox 320 775 387 824; x_wconf 72' lang='lat' dir='ltr'>Ep.</span> <span class='ocrx_word' id='word_1_84' title='bbox 414 773 626 809; x_wconf 74' lang='lat' dir='ltr'>schreibersiz&#39;</span> <span class='ocrx_word' id='word_1_85' title='bbox 651 777 686 809; x_wconf 89' lang='lat' dir='ltr'>et</span> <span class='ocrx_word' id='word_1_86' title='bbox 713 781 843 821; x_wconf 78' lang='lat' dir='ltr'>regiae,</span> <span class='ocrx_word' id='word_1_87' title='bbox 873 788 954 811; x_wconf 91' lang='lat' dir='ltr'>cum</span> <span class='ocrx_word' id='word_1_88' title='bbox 985 775 1115 825; x_wconf 89' lang='lat' dir='ltr'>quibus</span> <span class='ocrx_word' id='word_1_89' title='bbox 1142 775 1307 812; x_wconf 85' lang='lat' dir='ltr'>facillime</span> <span class='ocrx_word' id='word_1_90' title='bbox 1346 776 1518 813; x_wconf 88' lang='lat' dir='ltr'>confundi</span> <span class='ocrx_word' id='word_1_91' title='bbox 1547 781 1682 826; x_wconf 82' lang='lat' dir='ltr'>potest,</span> <span class='ocrx_word' id='word_1_92' title='bbox 1718 778 1780 813; x_wconf 90' lang='lat' dir='ltr'>de-</span> 
     </span>
     <span class='ocr_line' id='line_1_10' title="bbox 171 832 1672 884; baseline 0.003 -16"><span class='ocrx_word' id='word_1_93' title='bbox 171 833 381 882; x_wconf 83' lang='lat' dir='ltr'>scriptiones</span> <span class='ocrx_word' id='word_1_94' title='bbox 406 832 535 874; x_wconf 84' lang='lat' dir='ltr'>addidi,</span> <span class='ocrx_word' id='word_1_95' title='bbox 564 845 636 882; x_wconf 92' lang='lat' dir='ltr'>quo</span> <span class='ocrx_word' id='word_1_96' title='bbox 663 833 786 870; x_wconf 91' lang='lat' dir='ltr'>melius</span> <span class='ocrx_word' id='word_1_97' title='bbox 812 838 995 883; x_wconf 83' lang='lat' dir='ltr'>appareat,</span> <span class='ocrx_word' id='word_1_98' title='bbox 1025 835 1155 884; x_wconf 88' lang='lat' dir='ltr'>quibus</span> <span class='ocrx_word' id='word_1_99' title='bbox 1181 834 1292 871; x_wconf 88' lang='lat' dir='ltr'>rebus</span> <span class='ocrx_word' id='word_1_100' title='bbox 1316 836 1407 872; x_wconf 91' lang='lat' dir='ltr'>inter</span> <span class='ocrx_word' id='word_1_101' title='bbox 1431 849 1471 872; x_wconf 90' lang='lat' dir='ltr'>se</span> <span class='ocrx_word' id='word_1_102' title='bbox 1500 836 1672 873; x_wconf 78' lang='lat' dir='ltr'>differant.</span> 
     </span>
    </p>
   </div>
   <div class='ocr_carea' id='block_1_3' title="bbox 168 923 1782 1554">
    <p class='ocr_par' dir='ltr' id='par_1_4' title="bbox 168 923 1782 1554">
     <span class='ocr_line' id='line_1_11' title="bbox 339 923 1780 974; baseline 0.001 -16"><span class='ocrx_word' id='word_1_103' title='bbox 339 923 487 960; x_wconf 81' lang='lat' dir='ltr'><strong>EPEIRA</strong></span> <span class='ocrx_word' id='word_1_104' title='bbox 522 926 688 973; x_wconf 67' lang='lat' dir='ltr'>aitqulata</span> <span class='ocrx_word' id='word_1_105' title='bbox 725 923 943 973; x_wconf 86' lang='lat' dir='ltr'>(Clerck.).</span> <span class='ocrx_word' id='word_1_106' title='bbox 984 946 1028 951; x_wconf 91' lang='lat'>—-</span> <span class='ocrx_word' id='word_1_107' title='bbox 1063 925 1174 972; x_wconf 72' lang='lat' dir='ltr'>Long.</span> <span class='ocrx_word' id='word_1_108' title='bbox 1221 926 1365 960; x_wconf 78' lang='lat'>14-15</span> <span class='ocrx_word' id='word_1_109' title='bbox 1396 925 1526 961; x_wconf 90' lang='lat' dir='ltr'>millim.</span> <span class='ocrx_word' id='word_1_110' title='bbox 1554 927 1628 974; x_wconf 69' lang='lat'>(2);</span> <span class='ocrx_word' id='word_1_111' title='bbox 1656 926 1780 961; x_wconf 83' lang='lat'>9—10</span> 
     </span>
     <span class='ocr_line' id='line_1_12' title="bbox 401 982 622 1030; baseline 0.005 -12"><span class='ocrx_word' id='word_1_112' title='bbox 401 982 531 1018; x_wconf 89' lang='lat' dir='ltr'>millim.</span> <span class='ocrx_word' id='word_1_113' title='bbox 559 985 622 1030; x_wconf 80' lang='grc' dir='ltr'>(ὂ).</span> 
     </span>
     <span class='ocr_line' id='line_1_13' title="bbox 404 1045 659 1082; baseline 0.012 -13"><span class='ocrx_word' id='word_1_114' title='bbox 404 1046 465 1078; x_wconf 70' lang='lat' dir='ltr'>Syn,</span> <span class='ocrx_word' id='word_1_115' title='bbox 490 1045 549 1071; x_wconf 79' lang='lat' dir='ltr'>vide</span> <span class='ocrx_word' id='word_1_116' title='bbox 572 1055 659 1082; x_wconf 73' lang='lat' dir='ltr'>supra</span> 
     </span>
     <span class='ocr_line' id='line_1_14' title="bbox 316 1090 1780 1141; baseline 0.001 -15"><span class='ocrx_word' id='word_1_117' title='bbox 316 1090 544 1140; x_wconf 79' lang='lat' dir='ltr'>Nigro-fusca</span> <span class='ocrx_word' id='word_1_118' title='bbox 570 1091 627 1127; x_wconf 88' lang='lat' dir='ltr'>vel</span> <span class='ocrx_word' id='word_1_119' title='bbox 654 1091 807 1134; x_wconf 89' lang='lat' dir='ltr'>cinerea,</span> <span class='ocrx_word' id='word_1_120' title='bbox 823 1092 976 1140; x_wconf 89' lang='lat' dir='ltr'>pedibus</span> <span class='ocrx_word' id='word_1_121' title='bbox 1001 1092 1182 1129; x_wconf 85' lang='lat' dir='ltr'>testaceis.</span> <span class='ocrx_word' id='word_1_122' title='bbox 1214 1091 1527 1134; x_wconf 86' lang='lat' dir='ltr'>fusco-annulatis,</span> <span class='ocrx_word' id='word_1_123' title='bbox 1549 1091 1780 1141; x_wconf 89' lang='lat' dir='ltr'>cephalotho-</span> 
     </span>
     <span class='ocr_line' id='line_1_15' title="bbox 172 1149 1781 1201; baseline -0.001 -13"><span class='ocrx_word' id='word_1_124' title='bbox 172 1164 254 1188; x_wconf 89' lang='lat' dir='ltr'>race</span> <span class='ocrx_word' id='word_1_125' title='bbox 280 1149 476 1199; x_wconf 85' lang='lat' dir='ltr'>subplano,</span> <span class='ocrx_word' id='word_1_126' title='bbox 504 1155 603 1198; x_wconf 88' lang='lat' dir='ltr'>parte</span> <span class='ocrx_word' id='word_1_127' title='bbox 629 1149 812 1199; x_wconf 85' lang='lat' dir='ltr'>cephalica</span> <span class='ocrx_word' id='word_1_128' title='bbox 841 1151 1011 1188; x_wconf 87' lang='lat' dir='ltr'>lateribus</span> <span class='ocrx_word' id='word_1_129' title='bbox 1036 1151 1228 1201; x_wconf 87' lang='lat' dir='ltr'>parallelis,</span> <span class='ocrx_word' id='word_1_130' title='bbox 1257 1151 1460 1187; x_wconf 86' lang='lat' dir='ltr'>abdominis</span> <span class='ocrx_word' id='word_1_131' title='bbox 1484 1151 1643 1187; x_wconf 86' lang='lat' dir='ltr'>humeris</span> <span class='ocrx_word' id='word_1_132' title='bbox 1670 1163 1781 1201; x_wconf 78' lang='lat' dir='ltr'>angu-</span> 
     </span>
     <span class='ocr_line' id='line_1_16' title="bbox 168 1204 1782 1260; baseline 0 -14"><span class='ocrx_word' id='word_1_133' title='bbox 168 1204 259 1251; x_wconf 82' lang='lat' dir='ltr'>latis;</span> <span class='ocrx_word' id='word_1_134' title='bbox 283 1209 464 1245; x_wconf 83' lang='lat' dir='ltr'>abdomen</span> <span class='ocrx_word' id='word_1_135' title='bbox 490 1224 600 1259; x_wconf 75' lang='lat' dir='ltr'>supra</span> <span class='ocrx_word' id='word_1_136' title='bbox 626 1209 763 1246; x_wconf 85' lang='lat' dir='ltr'>furcula</span> <span class='ocrx_word' id='word_1_137' title='bbox 787 1210 902 1246; x_wconf 84' lang='lat' dir='ltr'>antica</span> <span class='ocrx_word' id='word_1_138' title='bbox 928 1215 963 1247; x_wconf 91' lang='lat' dir='ltr'>et</span> <span class='ocrx_word' id='word_1_139' title='bbox 989 1224 1083 1260; x_wconf 90' lang='lat' dir='ltr'>pone</span> <span class='ocrx_word' id='word_1_140' title='bbox 1109 1210 1198 1247; x_wconf 87' lang='lat' dir='ltr'>hanc</span> <span class='ocrx_word' id='word_1_141' title='bbox 1224 1210 1365 1247; x_wconf 89' lang='lat' dir='ltr'>lineolis</span> <span class='ocrx_word' id='word_1_142' title='bbox 1391 1210 1529 1246; x_wconf 89' lang='lat' dir='ltr'>duabus</span> <span class='ocrx_word' id='word_1_143' title='bbox 1556 1210 1672 1246; x_wconf 90' lang='lat' dir='ltr'>antice</span> <span class='ocrx_word' id='word_1_144' title='bbox 1691 1210 1782 1246; x_wconf 89' lang='lat' dir='ltr'>inter</span> 
     </span>
     <span class='ocr_line' id='line_1_17' title="bbox 169 1268 1782 1317; baseline 0.001 -14"><span class='ocrx_word' id='word_1_145' title='bbox 169 1281 210 1304; x_wconf 86' lang='lat' dir='ltr'>se</span> <span class='ocrx_word' id='word_1_146' title='bbox 235 1268 617 1317; x_wconf 83' lang='lat' dir='ltr'>appropinquantibus,</span> <span class='ocrx_word' id='word_1_147' title='bbox 655 1268 759 1311; x_wconf 79' lang='lat' dir='ltr'>albis;</span> <span class='ocrx_word' id='word_1_148' title='bbox 787 1283 807 1305; x_wconf 91' lang='lat' dir='ltr'>a</span> <span class='ocrx_word' id='word_1_149' title='bbox 844 1270 983 1306; x_wconf 86' lang='lat' dir='ltr'>macula</span> <span class='ocrx_word' id='word_1_150' title='bbox 1011 1270 1106 1312; x_wconf 85' lang='lat' dir='ltr'>alba,</span> <span class='ocrx_word' id='word_1_151' title='bbox 1135 1270 1228 1306; x_wconf 89' lang='lat' dir='ltr'>inter</span> <span class='ocrx_word' id='word_1_152' title='bbox 1251 1269 1438 1306; x_wconf 87' lang='lat' dir='ltr'>tubercula</span> <span class='ocrx_word' id='word_1_153' title='bbox 1462 1269 1591 1312; x_wconf 80' lang='lat' dir='ltr'>media,</span> <span class='ocrx_word' id='word_1_154' title='bbox 1620 1269 1782 1306; x_wconf 78' lang='lat' dir='ltr'>exoritur</span> 
     </span>
     <span class='ocr_line' id='line_1_18' title="bbox 169 1327 1781 1380; baseline 0.001 -17"><span class='ocrx_word' id='word_1_155' title='bbox 169 1340 251 1363; x_wconf 84' lang='lat' dir='ltr'>area</span> <span class='ocrx_word' id='word_1_156' title='bbox 288 1327 500 1380; x_wconf 81' lang='lat' dir='ltr'>lanceolata,</span> <span class='ocrx_word' id='word_1_157' title='bbox 540 1327 816 1377; x_wconf 87' lang='lat' dir='ltr'>albo-punctata,</span> <span class='ocrx_word' id='word_1_158' title='bbox 841 1329 981 1365; x_wconf 90' lang='lat' dir='ltr'>lineolis</span> <span class='ocrx_word' id='word_1_159' title='bbox 1020 1329 1077 1365; x_wconf 94' lang='lat' dir='ltr'>vel</span> <span class='ocrx_word' id='word_1_160' title='bbox 1117 1329 1255 1378; x_wconf 87' lang='lat' dir='ltr'>punctis</span> <span class='ocrx_word' id='word_1_161' title='bbox 1290 1329 1379 1365; x_wconf 86' lang='lat' dir='ltr'>albis</span> <span class='ocrx_word' id='word_1_162' title='bbox 1402 1328 1548 1370; x_wconf 88' lang='lat' dir='ltr'>inclusa,</span> <span class='ocrx_word' id='word_1_163' title='bbox 1576 1341 1643 1378; x_wconf 88' lang='lat' dir='ltr'>per</span> <span class='ocrx_word' id='word_1_164' title='bbox 1663 1341 1781 1364; x_wconf 88' lang='lat' dir='ltr'>aream</span> 
     </span>
     <span class='ocr_line' id='line_1_19' title="bbox 169 1386 1782 1437; baseline 0.001 -15"><span class='ocrx_word' id='word_1_165' title='bbox 169 1386 348 1423; x_wconf 87' lang='lat' dir='ltr'>dorsalem</span> <span class='ocrx_word' id='word_1_166' title='bbox 375 1387 420 1422; x_wconf 88' lang='lat' dir='ltr'>ad</span> <span class='ocrx_word' id='word_1_167' title='bbox 447 1399 554 1422; x_wconf 89' lang='lat' dir='ltr'>anum</span> <span class='ocrx_word' id='word_1_168' title='bbox 582 1392 748 1429; x_wconf 83' lang='lat' dir='ltr'>extensa;</span> <span class='ocrx_word' id='word_1_169' title='bbox 781 1388 900 1424; x_wconf 76' lang='lat' dir='ltr'>subtus</span> <span class='ocrx_word' id='word_1_170' title='bbox 927 1388 1123 1424; x_wconf 89' lang='lat' dir='ltr'>tuberculis</span> <span class='ocrx_word' id='word_1_171' title='bbox 1152 1389 1294 1425; x_wconf 88' lang='lat' dir='ltr'>duobus</span> <span class='ocrx_word' id='word_1_172' title='bbox 1319 1388 1437 1437; x_wconf 90' lang='lat' dir='ltr'>paullo</span> <span class='ocrx_word' id='word_1_173' title='bbox 1462 1400 1560 1436; x_wconf 91' lang='lat' dir='ltr'>pone</span> <span class='ocrx_word' id='word_1_174' title='bbox 1587 1388 1782 1437; x_wconf 78' lang='lat' dir='ltr'>epigylien,</span> 
     </span>
     <span class='ocr_line' id='line_1_20' title="bbox 169 1445 1781 1498; baseline 0.001 -17"><span class='ocrx_word' id='word_1_175' title='bbox 169 1447 271 1493; x_wconf 86' lang='lat' dir='ltr'>cujus</span> <span class='ocrx_word' id='word_1_176' title='bbox 312 1458 443 1494; x_wconf 90' lang='lat' dir='ltr'>corpus</span> <span class='ocrx_word' id='word_1_177' title='bbox 479 1445 604 1482; x_wconf 86' lang='lat' dir='ltr'>subtus</span> <span class='ocrx_word' id='word_1_178' title='bbox 647 1446 786 1483; x_wconf 86' lang='lat' dir='ltr'>duabus</span> <span class='ocrx_word' id='word_1_179' title='bbox 830 1447 1128 1496; x_wconf 86' lang='lat' dir='ltr'>impressionibus</span> <span class='ocrx_word' id='word_1_180' title='bbox 1154 1447 1471 1498; x_wconf 79' lang='lat' dir='ltr'>longitudinalibus</span> <span class='ocrx_word' id='word_1_181' title='bbox 1498 1447 1781 1496; x_wconf 86' lang='lat' dir='ltr'>sub-tripartium</span> 
     </span>
     <span class='ocr_line' id='line_1_21' title="bbox 168 1504 917 1554; baseline 0.001 -13"><span class='ocrx_word' id='word_1_182' title='bbox 168 1512 230 1546; x_wconf 86' lang='lat' dir='ltr'>est,</span> <span class='ocrx_word' id='word_1_183' title='bbox 258 1517 386 1554; x_wconf 89' lang='lat' dir='ltr'>scapus</span> <span class='ocrx_word' id='word_1_184' title='bbox 424 1504 637 1542; x_wconf 70' lang='lat' dir='ltr'>m-formis.</span> <span class='ocrx_word' id='word_1_185' title='bbox 667 1529 711 1533; x_wconf 97' lang='lat'><strong>—</strong></span> <span class='ocrx_word' id='word_1_186' title='bbox 744 1510 761 1542; x_wconf 65' lang='grc' dir='ltr'>Ξ</span> <span class='ocrx_word' id='word_1_187' title='bbox 788 1506 917 1542; x_wconf 88' lang='lat' dir='ltr'>adulta.</span> 
     </span>
    </p>
   </div>
   <div class='ocr_carea' id='block_1_4' title="bbox 169 1593 1782 1703">
    <p class='ocr_par' dir='ltr' id='par_1_5' title="bbox 169 1593 1782 1703">
     <span class='ocr_line' id='line_1_22' title="bbox 327 1593 1782 1643; baseline 0 -14"><span class='ocrx_word' id='word_1_188' title='bbox 327 1595 405 1629; x_wconf 77' lang='lat' dir='ltr'>Var.</span> <span class='ocrx_word' id='word_1_189' title='bbox 432 1593 467 1635; x_wconf 63' lang='lat' dir='ltr'>e.</span> <span class='ocrx_word' id='word_1_190' title='bbox 497 1593 651 1630; x_wconf 87' lang='lat' dir='ltr'>Furcula</span> <span class='ocrx_word' id='word_1_191' title='bbox 677 1593 880 1630; x_wconf 88' lang='lat' dir='ltr'>abdominis</span> <span class='ocrx_word' id='word_1_192' title='bbox 908 1606 989 1629; x_wconf 87' lang='lat' dir='ltr'>eum</span> <span class='ocrx_word' id='word_1_193' title='bbox 1016 1594 1153 1631; x_wconf 90' lang='lat' dir='ltr'>lineolis</span> <span class='ocrx_word' id='word_1_194' title='bbox 1186 1594 1327 1630; x_wconf 87' lang='lat' dir='ltr'>duabus</span> <span class='ocrx_word' id='word_1_195' title='bbox 1354 1594 1522 1643; x_wconf 81' lang='lat' dir='ltr'>proxime</span> <span class='ocrx_word' id='word_1_196' title='bbox 1550 1594 1782 1643; x_wconf 80' lang='lat' dir='ltr'>sequentibus</span> 
     </span>
     <span class='ocr_line' id='line_1_23' title="bbox 169 1652 1780 1703; baseline -0.001 -13"><span class='ocrx_word' id='word_1_197' title='bbox 169 1654 204 1690; x_wconf 92' lang='lat' dir='ltr'>in</span> <span class='ocrx_word' id='word_1_198' title='bbox 229 1652 403 1689; x_wconf 85' lang='lat' dir='ltr'>maculam</span> <span class='ocrx_word' id='word_1_199' title='bbox 445 1665 625 1703; x_wconf 80' lang='lat' dir='ltr'>magnam,</span> <span class='ocrx_word' id='word_1_200' title='bbox 666 1652 980 1703; x_wconf 78' lang='lat' dir='ltr'>snb-triangulam,</span> <span class='ocrx_word' id='word_1_201' title='bbox 1010 1653 1148 1701; x_wconf 88' lang='lat' dir='ltr'>postice</span> <span class='ocrx_word' id='word_1_202' title='bbox 1187 1653 1458 1703; x_wconf 79' lang='lat' dir='ltr'>emarginatam,</span> <span class='ocrx_word' id='word_1_203' title='bbox 1491 1653 1625 1695; x_wconf 86' lang='lat' dir='ltr'>albam,</span> <span class='ocrx_word' id='word_1_204' title='bbox 1654 1653 1780 1689; x_wconf 90' lang='lat' dir='ltr'>flavam</span> 
     </span>
    </p>
   </div>
   <div class='ocr_carea' id='block_1_5' title="bbox 169 1711 727 1750">
    <p class='ocr_par' dir='ltr' id='par_1_6' title="bbox 169 1711 727 1750">
     <span class='ocr_line' id='line_1_24' title="bbox 169 1711 727 1750; baseline 0 -2"><span class='ocrx_word' id='word_1_205' title='bbox 169 1712 226 1748; x_wconf 89' lang='lat' dir='ltr'>vel</span> <span class='ocrx_word' id='word_1_206' title='bbox 249 1711 376 1748; x_wconf 89' lang='lat' dir='ltr'>fulvam</span> <span class='ocrx_word' id='word_1_207' title='bbox 404 1711 562 1748; x_wconf 85' lang='lat' dir='ltr'>confusa.</span> <span class='ocrx_word' id='word_1_208' title='bbox 584 1735 629 1739; x_wconf 97' lang='lat'><strong>—</strong></span> <span class='ocrx_word' id='word_1_209' title='bbox 655 1718 676 1750; x_wconf 75' lang='grc' dir='ltr'><em>ὂ</em></span> <span class='ocrx_word' id='word_1_210' title='bbox 700 1717 727 1748; x_wconf 71' lang='grc' dir='ltr'>ἳ.</span> 
     </span>
    </p>
   </div>
   <div class='ocr_carea' id='block_1_6' title="bbox 317 1763 613 1811">
    <p class='ocr_par' dir='ltr' id='par_1_7' title="bbox 317 1763 613 1811">
     <span class='ocr_line' id='line_1_25' title="bbox 317 1763 613 1811; baseline 0 -13"><span class='ocrx_word' id='word_1_211' title='bbox 317 1763 399 1798; x_wconf 90' lang='lat' dir='ltr'>Huc</span> <span class='ocrx_word' id='word_1_212' title='bbox 424 1763 613 1811; x_wconf 87' lang='lat' dir='ltr'>pertinent:</span> 
     </span>
    </p>
   </div>
   <div class='ocr_carea' id='block_1_7' title="bbox 446 1818 1502 1896">
    <p class='ocr_par' dir='ltr' id='par_1_8' title="bbox 446 1818 1502 1896">
     <span class='ocr_line' id='line_1_26' title="bbox 446 1818 876 1853; baseline 0 -9"><span class='ocrx_word' id='word_1_213' title='bbox 446 1819 495 1844; x_wconf 81' lang='lat' dir='ltr'>Ar.</span> <span class='ocrx_word' id='word_1_214' title='bbox 519 1818 706 1853; x_wconf 79' lang='lat' dir='ltr'>angulatus</span> <span class='ocrx_word' id='word_1_215' title='bbox 728 1818 820 1844; x_wconf 55' lang='lat' dir='ltr'>clei-cle.</span> <span class='ocrx_word' id='word_1_216' title='bbox 844 1819 876 1851; x_wconf 68' lang='grc' dir='ltr'>ὅ,</span> 
     </span>
     <span class='ocr_line' id='line_1_27' title="bbox 447 1858 1502 1896; baseline 0.001 -11"><span class='ocrx_word' id='word_1_217' title='bbox 447 1858 500 1895; x_wconf 78' lang='lat' dir='ltr'>Ep.</span> <span class='ocrx_word' id='word_1_218' title='bbox 523 1859 722 1895; x_wconf 81' lang='lat' dir='ltr'>pinetorum</span> <span class='ocrx_word' id='word_1_219' title='bbox 748 1860 823 1886; x_wconf 71' lang='lat' dir='ltr'>Ii&#39;och.</span> <span class='ocrx_word' id='word_1_220' title='bbox 848 1859 898 1886; x_wconf 87' lang='lat' dir='ltr'>Die</span> <span class='ocrx_word' id='word_1_221' title='bbox 921 1859 1039 1886; x_wconf 80' lang='lat' dir='ltr'>Arachn.</span> <span class='ocrx_word' id='word_1_222' title='bbox 1063 1859 1103 1886; x_wconf 85' lang='lat' dir='ltr'>XI</span> <span class='ocrx_word' id='word_1_223' title='bbox 1125 1868 1149 1895; x_wconf 91' lang='lat' dir='ltr'>p.</span> <span class='ocrx_word' id='word_1_224' title='bbox 1174 1862 1208 1886; x_wconf 76' lang='grc'>95</span> <span class='ocrx_word' id='word_1_225' title='bbox 1234 1859 1298 1896; x_wconf 82' lang='lat' dir='ltr'>figg.</span> <span class='ocrx_word' id='word_1_226' title='bbox 1324 1859 1502 1886; x_wconf 28' lang='lat' dir='ltr'>novt—905?</span> 
     </span>
    </p>
   </div>
   <div class='ocr_carea' id='block_1_8' title="bbox 168 1926 1780 2036">
    <p class='ocr_par' dir='ltr' id='par_1_9' title="bbox 168 1926 1780 2036">
     <span class='ocr_line' id='line_1_28' title="bbox 331 1926 1780 1977; baseline -0.001 -14"><span class='ocrx_word' id='word_1_227' title='bbox 331 1929 410 1963; x_wconf 78' lang='lat' dir='ltr'>Var.</span> <span class='ocrx_word' id='word_1_228' title='bbox 438 1941 467 1971; x_wconf 73' lang='grc' dir='ltr'>Ὺ.</span> <span class='ocrx_word' id='word_1_229' title='bbox 497 1926 695 1963; x_wconf 87' lang='lat' dir='ltr'>Abdomen</span> <span class='ocrx_word' id='word_1_230' title='bbox 721 1940 829 1976; x_wconf 87' lang='lat' dir='ltr'>supra</span> <span class='ocrx_word' id='word_1_231' title='bbox 856 1927 1013 1977; x_wconf 78' lang='lat' dir='ltr'>nigrum,</span> <span class='ocrx_word' id='word_1_232' title='bbox 1049 1927 1188 1964; x_wconf 89' lang='lat' dir='ltr'>macula</span> <span class='ocrx_word' id='word_1_233' title='bbox 1213 1927 1330 1963; x_wconf 84' lang='lat' dir='ltr'>antica</span> <span class='ocrx_word' id='word_1_234' title='bbox 1355 1927 1534 1976; x_wconf 88' lang='lat' dir='ltr'>inaequali</span> <span class='ocrx_word' id='word_1_235' title='bbox 1561 1926 1780 1975; x_wconf 86' lang='lat' dir='ltr'>sub-trique—</span> 
     </span>
     <span class='ocr_line' id='line_1_29' title="bbox 168 1986 1780 2036; baseline -0.001 -14"><span class='ocrx_word' id='word_1_236' title='bbox 168 1992 229 2028; x_wconf 88' lang='lat' dir='ltr'>tra,</span> <span class='ocrx_word' id='word_1_237' title='bbox 259 1986 361 2035; x_wconf 85' lang='lat' dir='ltr'>plaga</span> <span class='ocrx_word' id='word_1_238' title='bbox 387 1991 588 2022; x_wconf 84' lang='lat' dir='ltr'>transversa</span> <span class='ocrx_word' id='word_1_239' title='bbox 614 1999 710 2035; x_wconf 90' lang='lat' dir='ltr'>pone</span> <span class='ocrx_word' id='word_1_240' title='bbox 737 1986 924 2022; x_wconf 89' lang='lat' dir='ltr'>tubercula</span> <span class='ocrx_word' id='word_1_241' title='bbox 953 1986 1108 2036; x_wconf 86' lang='lat' dir='ltr'>vittaque</span> <span class='ocrx_word' id='word_1_242' title='bbox 1135 1987 1279 2028; x_wconf 87' lang='lat' dir='ltr'>laterali,</span> <span class='ocrx_word' id='word_1_243' title='bbox 1310 1986 1475 2036; x_wconf 87' lang='lat' dir='ltr'>utrinque</span> <span class='ocrx_word' id='word_1_244' title='bbox 1502 1986 1659 2026; x_wconf 87' lang='lat' dir='ltr'>dentata,</span> <span class='ocrx_word' id='word_1_245' title='bbox 1695 1997 1780 2021; x_wconf 88' lang='lat' dir='ltr'>con-</span> 
     </span>
    </p>
   </div>
   <div class='ocr_carea' id='block_1_9' title="bbox 168 2045 880 2144">
    <p class='ocr_par' dir='ltr' id='par_1_10' title="bbox 168 2045 880 2144">
     <span class='ocr_line' id='line_1_30' title="bbox 168 2045 778 2094; baseline 0 -14"><span class='ocrx_word' id='word_1_246' title='bbox 168 2045 281 2087; x_wconf 84' lang='lat' dir='ltr'>tinuis,</span> <span class='ocrx_word' id='word_1_247' title='bbox 310 2045 417 2081; x_wconf 84' lang='lat' dir='ltr'>flavis.</span> <span class='ocrx_word' id='word_1_248' title='bbox 448 2068 492 2073; x_wconf 92' lang='lat'>—</span> <span class='ocrx_word' id='word_1_249' title='bbox 520 2051 542 2082; x_wconf 74' lang='grc' dir='ltr'><em>ὃ</em></span> <span class='ocrx_word' id='word_1_250' title='bbox 567 2045 621 2081; x_wconf 89' lang='lat' dir='ltr'>ad.</span> <span class='ocrx_word' id='word_1_251' title='bbox 653 2050 670 2082; x_wconf 63' lang='grc' dir='ltr'><strong>Ξ</strong></span> <span class='ocrx_word' id='word_1_252' title='bbox 695 2045 778 2094; x_wconf 90' lang='lat' dir='ltr'>pull.</span> 
     </span>
     <span class='ocr_line' id='line_1_31' title="bbox 448 2108 880 2144; baseline 0.002 -10"><span class='ocrx_word' id='word_1_253' title='bbox 448 2109 514 2135; x_wconf 68' lang='lat' dir='ltr'>lsoclt</span> <span class='ocrx_word' id='word_1_254' title='bbox 537 2108 601 2135; x_wconf 78' lang='lat' dir='ltr'>ibid.</span> <span class='ocrx_word' id='word_1_255' title='bbox 625 2109 688 2144; x_wconf 76' lang='lat' dir='ltr'>figg.</span> <span class='ocrx_word' id='word_1_256' title='bbox 712 2111 880 2136; x_wconf 61' lang='lat' dir='ltr'>soi—895.</span> 
     </span>
    </p>
   </div>
   <div class='ocr_carea' id='block_1_10' title="bbox 169 2188 1783 2648">
    <p class='ocr_par' dir='ltr' id='par_1_11' title="bbox 169 2188 1783 2648">
     <span class='ocr_line' id='line_1_32' title="bbox 272 2188 1779 2225; baseline -0.001 -11"><span class='ocrx_word' id='word_1_257' title='bbox 272 2191 290 2221; x_wconf 79' lang='lat'>⁸)</span> <span class='ocrx_word' id='word_1_258' title='bbox 310 2189 387 2214; x_wconf 86' lang='lat' dir='ltr'>Hand</span> <span class='ocrx_word' id='word_1_259' title='bbox 414 2189 488 2214; x_wconf 76' lang='lat' dir='ltr'>facile</span> <span class='ocrx_word' id='word_1_260' title='bbox 508 2189 630 2217; x_wconf 79' lang='lat' dir='ltr'>dixerim,</span> <span class='ocrx_word' id='word_1_261' title='bbox 658 2194 743 2215; x_wconf 90' lang='lat' dir='ltr'>utrum</span> <span class='ocrx_word' id='word_1_262' title='bbox 763 2199 823 2216; x_wconf 81' lang='lat' dir='ltr'>vera</span> <span class='ocrx_word' id='word_1_263' title='bbox 844 2191 892 2225; x_wconf 76' lang='lat' dir='ltr'>Ep.</span> <span class='ocrx_word' id='word_1_264' title='bbox 912 2190 1016 2216; x_wconf 68' lang='lat' dir='ltr'>bicornis</span> <span class='ocrx_word' id='word_1_265' title='bbox 1035 2190 1159 2215; x_wconf 78' lang='lat' dir='ltr'>Walck.</span> <span class='ocrx_word' id='word_1_266' title='bbox 1184 2191 1217 2215; x_wconf 83' lang='lat' dir='ltr'>sit</span> <span class='ocrx_word' id='word_1_267' title='bbox 1237 2190 1301 2215; x_wconf 83' lang='lat' dir='ltr'>haee</span> <span class='ocrx_word' id='word_1_268' title='bbox 1320 2191 1438 2223; x_wconf 79' lang='lat' dir='ltr'>species,</span> <span class='ocrx_word' id='word_1_269' title='bbox 1460 2189 1492 2214; x_wconf 85' lang='lat' dir='ltr'>de</span> <span class='ocrx_word' id='word_1_270' title='bbox 1512 2197 1563 2222; x_wconf 85' lang='lat' dir='ltr'>qua</span> <span class='ocrx_word' id='word_1_271' title='bbox 1581 2188 1686 2213; x_wconf 87' lang='lat' dir='ltr'>locutus</span> <span class='ocrx_word' id='word_1_272' title='bbox 1707 2196 1779 2217; x_wconf 82' lang='lat' dir='ltr'>snm,</span> 
     </span>
     <span class='ocr_line' id='line_1_33' title="bbox 170 2230 1783 2269; baseline -0.002 -11"><span class='ocrx_word' id='word_1_273' title='bbox 170 2241 258 2258; x_wconf 84' lang='lat' dir='ltr'>necne.</span> <span class='ocrx_word' id='word_1_274' title='bbox 278 2248 309 2252; x_wconf 92' lang='lat'>—-</span> <span class='ocrx_word' id='word_1_275' title='bbox 329 2233 407 2258; x_wconf 84' lang='lat' dir='ltr'>Pars</span> <span class='ocrx_word' id='word_1_276' title='bbox 436 2232 607 2266; x_wconf 80' lang='lat' dir='ltr'>cephalica</span> <span class='ocrx_word' id='word_1_277' title='bbox 635 2233 723 2263; x_wconf 81' lang='lat' dir='ltr'>altior,</span> <span class='ocrx_word' id='word_1_278' title='bbox 743 2234 846 2269; x_wconf 81' lang='lat' dir='ltr'>longior</span> <span class='ocrx_word' id='word_1_279' title='bbox 874 2240 899 2259; x_wconf 75' lang='lat' dir='ltr'>et</span> <span class='ocrx_word' id='word_1_280' title='bbox 919 2234 1063 2259; x_wconf 78' lang='lat' dir='ltr'>convexior</span> <span class='ocrx_word' id='word_1_281' title='bbox 1082 2233 1177 2263; x_wconf 86' lang='lat' dir='ltr'>multo,</span> <span class='ocrx_word' id='word_1_282' title='bbox 1197 2242 1286 2267; x_wconf 83' lang='lat' dir='ltr'>quam,</span> <span class='ocrx_word' id='word_1_283' title='bbox 1306 2241 1346 2258; x_wconf 83' lang='lat' dir='ltr'>ex.</span> <span class='ocrx_word' id='word_1_284' title='bbox 1365 2241 1415 2267; x_wconf 49' lang='lat' dir='ltr'>gr„</span> <span class='ocrx_word' id='word_1_285' title='bbox 1435 2232 1459 2257; x_wconf 92' lang='lat' dir='ltr'>in</span> <span class='ocrx_word' id='word_1_286' title='bbox 1480 2231 1528 2265; x_wconf 70' lang='lat' dir='ltr'>Ep.</span> <span class='ocrx_word' id='word_1_287' title='bbox 1548 2232 1672 2265; x_wconf 72' lang='lat' dir='ltr'>anyztlam.</span> <span class='ocrx_word' id='word_1_288' title='bbox 1711 2230 1783 2256; x_wconf 81' lang='lat' dir='ltr'>Oculi</span> 
     </span>
     <span class='ocr_line' id='line_1_34' title="bbox 169 2274 1780 2310; baseline -0.001 -10"><span class='ocrx_word' id='word_1_289' title='bbox 169 2280 293 2309; x_wconf 83' lang='lat' dir='ltr'>quattuor</span> <span class='ocrx_word' id='word_1_290' title='bbox 310 2276 380 2301; x_wconf 73' lang='lat' dir='ltr'>mezli&#39;z&#39;</span> <span class='ocrx_word' id='word_1_291' title='bbox 405 2276 485 2301; x_wconf 86' lang='lat' dir='ltr'>multo</span> <span class='ocrx_word' id='word_1_292' title='bbox 513 2279 571 2301; x_wconf 81' lang='lat' dir='ltr'>ante</span> <span class='ocrx_word' id='word_1_293' title='bbox 599 2282 626 2301; x_wconf 80' lang='lat' dir='ltr'>et</span> <span class='ocrx_word' id='word_1_294' title='bbox 653 2285 733 2310; x_wconf 87' lang='lat' dir='ltr'>supra</span> <span class='ocrx_word' id='word_1_295' title='bbox 760 2277 883 2302; x_wconf 75' lang='lat' dir='ltr'>laterales</span> <span class='ocrx_word' id='word_1_296' title='bbox 915 2277 939 2302; x_wconf 86' lang='lat' dir='ltr'>in</span> <span class='ocrx_word' id='word_1_297' title='bbox 957 2276 1093 2302; x_wconf 77' lang='lat' dir='ltr'>tuberculo</span> <span class='ocrx_word' id='word_1_298' title='bbox 1122 2276 1194 2304; x_wconf 69' lang='lat' dir='ltr'>forti,</span> <span class='ocrx_word' id='word_1_299' title='bbox 1221 2276 1303 2301; x_wconf 80' lang='lat' dir='ltr'>antiee</span> <span class='ocrx_word' id='word_1_300' title='bbox 1323 2275 1543 2310; x_wconf 78' lang='lat' dir='ltr'>perpendiculari,</span> <span class='ocrx_word' id='word_1_301' title='bbox 1564 2274 1656 2308; x_wconf 85' lang='lat' dir='ltr'>positi:</span> <span class='ocrx_word' id='word_1_302' title='bbox 1685 2275 1780 2308; x_wconf 80' lang='lat' dir='ltr'>postici</span> 
     </span>
     <span class='ocr_line' id='line_1_35' title="bbox 169 2317 1780 2354; baseline -0.001 -11"><span class='ocrx_word' id='word_1_303' title='bbox 169 2327 258 2344; x_wconf 85' lang='lat' dir='ltr'>eornm</span> <span class='ocrx_word' id='word_1_304' title='bbox 279 2318 415 2344; x_wconf 78' lang='lat' dir='ltr'>manifeste</span> <span class='ocrx_word' id='word_1_305' title='bbox 434 2319 546 2353; x_wconf 78' lang='lat' dir='ltr'>majores</span> <span class='ocrx_word' id='word_1_306' title='bbox 567 2328 643 2353; x_wconf 85' lang='lat' dir='ltr'>qnam</span> <span class='ocrx_word' id='word_1_307' title='bbox 663 2320 752 2349; x_wconf 78' lang='lat' dir='ltr'>antici,</span> <span class='ocrx_word' id='word_1_308' title='bbox 773 2324 798 2345; x_wconf 83' lang='lat' dir='ltr'>at</span> <span class='ocrx_word' id='word_1_309' title='bbox 817 2321 857 2345; x_wconf 77' lang='lat' dir='ltr'>vix</span> <span class='ocrx_word' id='word_1_310' title='bbox 877 2320 976 2354; x_wconf 83' lang='lat' dir='ltr'>majore</span> <span class='ocrx_word' id='word_1_311' title='bbox 1004 2320 1090 2354; x_wconf 81' lang='lat' dir='ltr'>spatio</span> <span class='ocrx_word' id='word_1_312' title='bbox 1110 2320 1176 2344; x_wconf 83' lang='lat' dir='ltr'>inter</span> <span class='ocrx_word' id='word_1_313' title='bbox 1207 2328 1236 2344; x_wconf 85' lang='lat' dir='ltr'>sc</span> <span class='ocrx_word' id='word_1_314' title='bbox 1260 2319 1397 2348; x_wconf 80' lang='lat' dir='ltr'>distantes,</span> <span class='ocrx_word' id='word_1_315' title='bbox 1417 2327 1493 2352; x_wconf 81' lang='lat' dir='ltr'>quani</span> <span class='ocrx_word' id='word_1_316' title='bbox 1513 2326 1564 2351; x_wconf 83' lang='lat' dir='ltr'>quo</span> <span class='ocrx_word' id='word_1_317' title='bbox 1585 2317 1684 2342; x_wconf 79' lang='lat' dir='ltr'>distant</span> <span class='ocrx_word' id='word_1_318' title='bbox 1703 2317 1780 2342; x_wconf 77' lang='lat' dir='ltr'>antici</span> 
     </span>
     <span class='ocr_line' id='line_1_36' title="bbox 169 2360 1779 2397; baseline -0.001 -11"><span class='ocrx_word' id='word_1_319' title='bbox 169 2363 235 2387; x_wconf 81' lang='lat' dir='ltr'>inter</span> <span class='ocrx_word' id='word_1_320' title='bbox 258 2370 293 2387; x_wconf 88' lang='lat' dir='ltr'>se.</span> <span class='ocrx_word' id='word_1_321' title='bbox 330 2361 405 2387; x_wconf 84' lang='lat' dir='ltr'>Oculi</span> <span class='ocrx_word' id='word_1_322' title='bbox 424 2363 536 2388; x_wconf 77' lang='lat' dir='ltr'>laterales</span> <span class='ocrx_word' id='word_1_323' title='bbox 554 2362 669 2388; x_wconf 78' lang='lat' dir='ltr'>demisse</span> <span class='ocrx_word' id='word_1_324' title='bbox 688 2363 712 2387; x_wconf 89' lang='lat' dir='ltr'>in</span> <span class='ocrx_word' id='word_1_325' title='bbox 737 2363 861 2388; x_wconf 82' lang='lat' dir='ltr'>lateribus</span> <span class='ocrx_word' id='word_1_326' title='bbox 882 2364 963 2397; x_wconf 81' lang='lat' dir='ltr'>partis</span> <span class='ocrx_word' id='word_1_327' title='bbox 989 2363 1138 2397; x_wconf 84' lang='lat' dir='ltr'>eeplialicac</span> <span class='ocrx_word' id='word_1_328' title='bbox 1157 2362 1212 2391; x_wconf 76' lang='lat' dir='ltr'>siti,</span> <span class='ocrx_word' id='word_1_329' title='bbox 1232 2362 1267 2387; x_wconf 84' lang='lat' dir='ltr'>ita</span> <span class='ocrx_word' id='word_1_330' title='bbox 1286 2366 1314 2387; x_wconf 86' lang='lat' dir='ltr'>ut</span> <span class='ocrx_word' id='word_1_331' title='bbox 1334 2362 1400 2386; x_wconf 87' lang='lat' dir='ltr'>oculi</span> <span class='ocrx_word' id='word_1_332' title='bbox 1422 2363 1438 2386; x_wconf 74' lang='lat'>4</span> <span class='ocrx_word' id='word_1_333' title='bbox 1458 2361 1534 2386; x_wconf 83' lang='lat' dir='ltr'>antici</span> <span class='ocrx_word' id='word_1_334' title='bbox 1554 2361 1647 2385; x_wconf 84' lang='lat' dir='ltr'>seriem</span> <span class='ocrx_word' id='word_1_335' title='bbox 1666 2360 1779 2386; x_wconf 74' lang='lat' dir='ltr'>forment</span> 
     </span>
     <span class='ocr_line' id='line_1_37' title="bbox 171 2404 1779 2439; baseline -0.001 -10"><span class='ocrx_word' id='word_1_336' title='bbox 171 2405 273 2438; x_wconf 84' lang='lat' dir='ltr'>postice</span> <span class='ocrx_word' id='word_1_337' title='bbox 300 2413 451 2430; x_wconf 83' lang='lat' dir='ltr'>convexam.</span> <span class='ocrx_word' id='word_1_338' title='bbox 477 2405 507 2430; x_wconf 90' lang='lat' dir='ltr'>In</span> <span class='ocrx_word' id='word_1_339' title='bbox 535 2406 554 2437; x_wconf 67' lang='grc' dir='ltr'><em>ὃ</em></span> <span class='ocrx_word' id='word_1_340' title='bbox 581 2406 621 2431; x_wconf 84' lang='lat' dir='ltr'>ad.</span> <span class='ocrx_word' id='word_1_341' title='bbox 643 2411 669 2431; x_wconf 81' lang='lat' dir='ltr'>et</span> <span class='ocrx_word' id='word_1_342' title='bbox 697 2405 781 2439; x_wconf 26' lang='lat' dir='ltr'>Rujum.</span> <span class='ocrx_word' id='word_1_343' title='bbox 800 2407 864 2438; x_wconf 90' lang='lat' dir='ltr'>(non</span> <span class='ocrx_word' id='word_1_344' title='bbox 884 2415 944 2431; x_wconf 81' lang='lat' dir='ltr'>vero</span> <span class='ocrx_word' id='word_1_345' title='bbox 965 2407 989 2431; x_wconf 86' lang='lat' dir='ltr'>in</span> <span class='ocrx_word' id='word_1_346' title='bbox 1017 2407 1127 2439; x_wconf 67' lang='lat' dir='ltr'>pallulis)</span> <span class='ocrx_word' id='word_1_347' title='bbox 1146 2405 1268 2430; x_wconf 80' lang='lat' dir='ltr'>laterales</span> <span class='ocrx_word' id='word_1_348' title='bbox 1289 2405 1320 2430; x_wconf 87' lang='lat' dir='ltr'>ab</span> <span class='ocrx_word' id='word_1_349' title='bbox 1341 2405 1432 2430; x_wconf 84' lang='lat' dir='ltr'>antieis</span> <span class='ocrx_word' id='word_1_350' title='bbox 1452 2404 1544 2429; x_wconf 82' lang='lat' dir='ltr'>inediis</span> <span class='ocrx_word' id='word_1_351' title='bbox 1564 2404 1699 2429; x_wconf 71' lang='lat' dir='ltr'>intervallo</span> <span class='ocrx_word' id='word_1_352' title='bbox 1720 2404 1779 2437; x_wconf 77' lang='lat' dir='ltr'>plus</span> 
     </span>
     <span class='ocr_line' id='line_1_38' title="bbox 171 2446 1779 2482; baseline -0.001 -10"><span class='ocrx_word' id='word_1_353' title='bbox 171 2447 251 2481; x_wconf 87' lang='lat' dir='ltr'>duplo</span> <span class='ocrx_word' id='word_1_354' title='bbox 272 2448 368 2481; x_wconf 85' lang='lat' dir='ltr'>majore</span> <span class='ocrx_word' id='word_1_355' title='bbox 387 2448 479 2472; x_wconf 83' lang='lat' dir='ltr'>remoti</span> <span class='ocrx_word' id='word_1_356' title='bbox 498 2453 662 2482; x_wconf 78' lang='lat' dir='ltr'>sunt,qua1n</span> <span class='ocrx_word' id='word_1_357' title='bbox 678 2448 780 2474; x_wconf 79' lang='lat' dir='ltr'>liiinter</span> <span class='ocrx_word' id='word_1_358' title='bbox 798 2458 834 2474; x_wconf 78' lang='lat' dir='ltr'>se.</span> <span class='ocrx_word' id='word_1_359' title='bbox 855 2465 886 2468; x_wconf 82' lang='lat'><em>-</em></span> <span class='ocrx_word' id='word_1_360' title='bbox 906 2448 992 2480; x_wconf 84' lang='lat' dir='ltr'>Quum</span> <span class='ocrx_word' id='word_1_361' title='bbox 1019 2449 1139 2473; x_wconf 83' lang='lat' dir='ltr'>seminam</span> <span class='ocrx_word' id='word_1_362' title='bbox 1168 2448 1283 2473; x_wconf 86' lang='lat' dir='ltr'>adultam</span> <span class='ocrx_word' id='word_1_363' title='bbox 1303 2457 1354 2473; x_wconf 87' lang='lat' dir='ltr'>non</span> <span class='ocrx_word' id='word_1_364' title='bbox 1375 2447 1489 2477; x_wconf 72' lang='lat' dir='ltr'>viderim,</span> <span class='ocrx_word' id='word_1_365' title='bbox 1518 2450 1633 2481; x_wconf 69' lang='lat' dir='ltr'>epiyynen</span> <span class='ocrx_word' id='word_1_366' title='bbox 1653 2446 1710 2480; x_wconf 82' lang='lat' dir='ltr'>ejus</span> <span class='ocrx_word' id='word_1_367' title='bbox 1734 2446 1779 2472; x_wconf 85' lang='lat' dir='ltr'>de-</span> 
     </span>
     <span class='ocr_line' id='line_1_39' title="bbox 171 2490 1780 2526; baseline 0 -12"><span class='ocrx_word' id='word_1_368' title='bbox 171 2490 284 2515; x_wconf 82' lang='lat' dir='ltr'>scribere</span> <span class='ocrx_word' id='word_1_369' title='bbox 311 2498 421 2524; x_wconf 84' lang='lat' dir='ltr'>nequeo.</span> <span class='ocrx_word' id='word_1_370' title='bbox 458 2490 607 2516; x_wconf 84' lang='lat' dir='ltr'>Tubercula</span> <span class='ocrx_word' id='word_1_371' title='bbox 634 2491 775 2517; x_wconf 85' lang='lat' dir='ltr'>humeralia</span> <span class='ocrx_word' id='word_1_372' title='bbox 793 2491 939 2517; x_wconf 81' lang='lat' dir='ltr'>abdominis</span> <span class='ocrx_word' id='word_1_373' title='bbox 968 2493 993 2517; x_wconf 90' lang='lat' dir='ltr'>in</span> <span class='ocrx_word' id='word_1_374' title='bbox 1013 2490 1098 2524; x_wconf 51' lang='lat' dir='ltr'>fijan.</span> <span class='ocrx_word' id='word_1_375' title='bbox 1119 2500 1225 2526; x_wconf 77' lang='lat' dir='ltr'>inagna,</span> <span class='ocrx_word' id='word_1_376' title='bbox 1245 2491 1298 2516; x_wconf 83' lang='lat' dir='ltr'>sere</span> <span class='ocrx_word' id='word_1_377' title='bbox 1326 2490 1564 2525; x_wconf 75' lang='lat' dir='ltr'>perpendicularia,</span> <span class='ocrx_word' id='word_1_378' title='bbox 1584 2490 1657 2524; x_wconf 77' lang='lat' dir='ltr'>apice</span> <span class='ocrx_word' id='word_1_379' title='bbox 1676 2490 1780 2514; x_wconf 82' lang='lat' dir='ltr'>obtusa.</span> 
     </span>
     <span class='ocr_line' id='line_1_40' title="bbox 172 2530 1779 2568; baseline 0 -12"><span class='ocrx_word' id='word_1_380' title='bbox 172 2531 211 2561; x_wconf 86' lang='lat' dir='ltr'>(In</span> <span class='ocrx_word' id='word_1_381' title='bbox 238 2530 258 2562; x_wconf 69' lang='grc' dir='ltr'>ἃ</span> <span class='ocrx_word' id='word_1_382' title='bbox 286 2538 311 2557; x_wconf 82' lang='lat' dir='ltr'>et</span> <span class='ocrx_word' id='word_1_383' title='bbox 336 2533 440 2566; x_wconf 83' lang='lat' dir='ltr'>pullulis</span> <span class='ocrx_word' id='word_1_384' title='bbox 468 2533 587 2558; x_wconf 86' lang='lat' dir='ltr'>breviora</span> <span class='ocrx_word' id='word_1_385' title='bbox 612 2539 637 2559; x_wconf 85' lang='lat' dir='ltr'>et</span> <span class='ocrx_word' id='word_1_386' title='bbox 657 2535 791 2565; x_wconf 78' lang='lat' dir='ltr'>acutiora).</span> <span class='ocrx_word' id='word_1_387' title='bbox 826 2534 906 2560; x_wconf 83' lang='lat' dir='ltr'>Maris</span> <span class='ocrx_word' id='word_1_388' title='bbox 927 2534 1012 2560; x_wconf 76' lang='lat' dir='ltr'>bulbus</span> <span class='ocrx_word' id='word_1_389' title='bbox 1027 2535 1138 2568; x_wconf 64' lang='lat' dir='ltr'>genitalis</span> <span class='ocrx_word' id='word_1_390' title='bbox 1156 2543 1286 2568; x_wconf 77' lang='lat' dir='ltr'>procursu</span> <span class='ocrx_word' id='word_1_391' title='bbox 1304 2534 1380 2559; x_wconf 71' lang='lat' dir='ltr'>valde</span> <span class='ocrx_word' id='word_1_392' title='bbox 1400 2534 1558 2567; x_wconf 83' lang='lat' dir='ltr'>conspicuo,</span> <span class='ocrx_word' id='word_1_393' title='bbox 1582 2538 1703 2562; x_wconf 79' lang='lat' dir='ltr'>curvato,</span> <span class='ocrx_word' id='word_1_394' title='bbox 1723 2532 1779 2557; x_wconf 82' lang='lat' dir='ltr'>basi</span> 
     </span>
     <span class='ocr_line' id='line_1_41' title="bbox 172 2574 1779 2612; baseline 0 -13"><span class='ocrx_word' id='word_1_395' title='bbox 172 2574 275 2605; x_wconf 81' lang='lat' dir='ltr'>latiore,</span> <span class='ocrx_word' id='word_1_396' title='bbox 297 2576 321 2600; x_wconf 90' lang='lat' dir='ltr'>in</span> <span class='ocrx_word' id='word_1_397' title='bbox 348 2575 433 2600; x_wconf 81' lang='lat' dir='ltr'>medio</span> <span class='ocrx_word' id='word_1_398' title='bbox 462 2582 601 2609; x_wconf 81' lang='lat' dir='ltr'>angustato</span> <span class='ocrx_word' id='word_1_399' title='bbox 630 2582 656 2601; x_wconf 87' lang='lat' dir='ltr'>et</span> <span class='ocrx_word' id='word_1_400' title='bbox 676 2582 728 2602; x_wconf 87' lang='lat' dir='ltr'>tum</span> <span class='ocrx_word' id='word_1_401' title='bbox 749 2577 868 2611; x_wconf 86' lang='lat' dir='ltr'>utrinque</span> <span class='ocrx_word' id='word_1_402' title='bbox 887 2577 990 2603; x_wconf 80' lang='lat' dir='ltr'>sortiter</span> <span class='ocrx_word' id='word_1_403' title='bbox 1009 2577 1126 2608; x_wconf 83' lang='lat' dir='ltr'>dilatato,</span> <span class='ocrx_word' id='word_1_404' title='bbox 1146 2577 1266 2603; x_wconf 85' lang='lat' dir='ltr'>malleum</span> <span class='ocrx_word' id='word_1_405' title='bbox 1286 2577 1419 2612; x_wconf 85' lang='lat' dir='ltr'>obliquum</span> <span class='ocrx_word' id='word_1_406' title='bbox 1439 2576 1478 2602; x_wconf 66' lang='lat' dir='ltr'>vel</span> <span class='ocrx_word' id='word_1_407' title='bbox 1498 2575 1586 2610; x_wconf 87' lang='lat' dir='ltr'>potius</span> <span class='ocrx_word' id='word_1_408' title='bbox 1607 2575 1710 2600; x_wconf 62' lang='lat' dir='ltr'>catulam</span> <span class='ocrx_word' id='word_1_409' title='bbox 1730 2575 1779 2600; x_wconf 75' lang='lat' dir='ltr'>[lel-</span> 
     </span>
     <span class='ocr_line' id='line_1_42' title="bbox 170 2616 1348 2648; baseline 0.003 -7"><span class='ocrx_word' id='word_1_410' title='bbox 170 2616 238 2648; x_wconf 76' lang='lat' dir='ltr'>plu&#39;ni</span> <span class='ocrx_word' id='word_1_411' title='bbox 254 2617 382 2647; x_wconf 77' lang='lat' dir='ltr'>referenti,</span> <span class='ocrx_word' id='word_1_412' title='bbox 401 2619 424 2643; x_wconf 89' lang='lat' dir='ltr'>in</span> <span class='ocrx_word' id='word_1_413' title='bbox 437 2618 517 2643; x_wconf 83' lang='lat' dir='ltr'>latere</span> <span class='ocrx_word' id='word_1_414' title='bbox 531 2619 659 2644; x_wconf 79' lang='lat' dir='ltr'>exteriore</span> <span class='ocrx_word' id='word_1_415' title='bbox 674 2620 823 2645; x_wconf 83' lang='lat' dir='ltr'>instructus.</span> <span class='ocrx_word' id='word_1_416' title='bbox 844 2634 874 2637; x_wconf 98' lang='lat'><strong>—</strong></span> <span class='ocrx_word' id='word_1_417' title='bbox 895 2619 976 2645; x_wconf 87' lang='lat' dir='ltr'>Color</span> <span class='ocrx_word' id='word_1_418' title='bbox 996 2620 1143 2645; x_wconf 86' lang='lat' dir='ltr'>abdominis</span> <span class='ocrx_word' id='word_1_419' title='bbox 1164 2620 1241 2645; x_wconf 78' lang='lat' dir='ltr'>valde</span> <span class='ocrx_word' id='word_1_420' title='bbox 1261 2620 1348 2645; x_wconf 76' lang='lat' dir='ltr'>variat.</span> 
     </span>
    </p>
   </div>
  </div>
 </body>
</html>
