2435 3188
351 467 648 528 REGIA
700 465 1139 526 SOCIETAS
1193 466 1841 529 SCIENTIARUM

790 555 1412 615 UPSALIENSIS.

970 654 1224 679 MDCCCLVIII.

798 971 1051 1018 PRAESES
1093 972 1401 1019 ILLUSTRIS

633 1082 980 1120 sERENissiMUS
1007 1081 1234 1118 PRINCEPS
1261 1082 1319 1119 Ac
1346 1082 1558 1120 DOMINUS

579 1162 912 1216 OSGAR
958 1161 1617 1214 Pnnnnluctss

601 1254 768 1280 SVECIAE
787 1254 837 1279 ET
852 1252 1084 1278 NORVEGIAE
1100 1253 1284 1278 PRINCEPS
1313 1253 1603 1280 EEREDITARIUS

879 1320 1187 1346 OSTROGOTHIAE
1214 1321 1310 1345 DUX.

606 1460 869 1508 MEMBRUM
899 1459 1204 1507 HONORARIU
1205 1459 1246 1507 M
1278 1460 1578 1508 PRIMARIUM

692 1561 999 1587 SERENISSIMUS
1017 1561 1221 1586 PRINCEPS
1239 1562 1292 1586 Ao
1310 1562 1502 1587 D0M1Nus

707 1628 1068 1662 NIGOLAUS
1100 1628 1476 1662 AUGUSTUS

743 1694 854 1712 SVECIAE
871 1694 904 1711 ET
922 1694 1076 1711 NORVEGIAE
1095 1693 1221 1710 PRENCEPS
1241 1694 1436 1712 HEREDITARIUS

820 1871 1039 1906 Blemhra
1062 1873 1362 1905 Honoraria.

277 1963 483 2000 TROLLE
510 1963 938 2001 WACHTMEISTER
975 1965 1087 2012 (Hans
1117 1966 1294 2016 Gabriel),
1324 1965 1469 2008 Comes,
1503 1978 1522 2000 e
1549 1964 1662 2013 Regni
1693 1963 1901 1999 Proceribus

377 2037 479 2065 unus,
503 2023 657 2059 justitiae
696 2024 866 2072 quondam
899 2023 1144 2068 Cancellarius,
1168 2024 1357 2074 Regiorum
1387 2024 1553 2060 Ordinum
1580 2022 1699 2071 Eques
1738 2029 1771 2058 et
1799 2022 1901 2057 Com-

377 2082 561 2118 mendator.

277 2139 397 2176 [ΗΒΕ
425 2140 604 2187 (Albertus
630 2140 795 2190 Elavus),
834 2135 911 2178 Lib.
938 2141 1049 2186 Baro,
1076 2156 1095 2179 e
1122 2141 1236 2191 Regni
1263 2142 1473 2178 Proceribus
1497 2153 1601 2180 unus,
1629 2138 1756 2174 Rerum
1789 2145 1899 2174 exter-

377 2212 492 2234 narum
520 2214 547 2235 a.
575 2200 605 2235 h.
634 2200 791 2236 Minister
817 2200 931 2236 Status
958 2215 1154 2249 supremus,
1185 2201 1392 2237 Academiae
1421 2198 1599 2234 Svecanae
1628 2197 1900 2240 Octodecimvir‚

378 2257 567 2307 Regiorum
596 2258 763 2294 Ordinum
792 2258 912 2307 Eques
939 2266 972 2295 et
1001 2259 1283 2301 commendator,
1311 2258 1401 2307 Reg.
1442 2257 1526 2293 Ord.
1555 2257 1598 2292 de
1620 2256 1658 2292 S.
1684 2256 1796 2292 Olavo
1823 2270 1899 2292 cum

375 2318 544 2366 grandiori
576 2317 696 2354 Crucis
729 2320 864 2366 insigni,
898 2316 1013 2366 Regg.
1043 2317 1152 2353 Ordd.
1179 2317 1398 2365 Danebrog.,
1422 2316 1587 2352 Isabellae
1617 2314 1829 2357 Catholicae,
1857 2314 1896 2350 S.

374 2375 524 2411 Mauritii
552 2383 585 2412 et
618 2376 755 2419 Lazari,
783 2376 820 2412 S.
849 2375 1022 2419 Stanislai,
1050 2376 1221 2425 Leopoldi
1249 2377 1338 2425 Belg
1319 2378 1398 2419 oiei,
1428 2375 1551 2411 Graec.
1582 2374 1625 2410 de
1657 2374 1695 2410 S.
1719 2372 1899 2410 Salvatore

374 2447 450 2470 cum
477 2435 646 2483 grandiori
675 2435 796 2472 Crucis
824 2437 942 2484 insigni
978 2435 1241 2472 commendator
1270 2443 1333 2472 etc.

275 2491 535 2529 FAHRAEUS
564 2494 713 2543 (Olavus
740 2494 957 2543 Immanuel),
983 2493 1100 2530 Status
1127 2508 1154 2529 a
1182 2494 1212 2529 h.
1243 2494 1480 2535 consiliarius,
1505 2492 1744 2528 Praefecturae
1763 2489 1898 2526 Gotho·

376 2552 555 2599 burgensis
583 2560 617 2589 et
642 2553 813 2590 Bahusiae
841 2553 1078 2596 Gubernator,
1107 2552 1196 2602 Reg
1227 2553 1313 2589 Ord.
1342 2553 1385 2589 de
1409 2552 1516 2588 Stella
1541 2550 1656 2586 Polari
1690 2563 1766 2586 cum
1798 2562 1896 2598 gran-

378 2609 462 2646 diori
490 2610 610 2647 Crucis
636 2614 757 2660 insigni
794 2611 1068 2647 commendator.
