2435 3188
697 259 780 299 258

644 367 770 413 genter
797 363 887 399 inter
913 376 953 399 se
981 362 1194 412 comparatis
1237 360 1495 410 synonymiam
1535 359 1697 396 stabilem
1740 361 1895 397 reddere
1932 373 2047 410 eaque
2092 366 2237 396 naturae

648 421 904 457 convenienter
937 426 971 457 et
1008 421 1166 471 perfecte
1200 419 1424 461 describere,
1466 418 1501 454 in
1539 418 1669 467 quibus
1708 431 1765 454 me
1805 432 1952 468 operam
1991 431 2134 454 omnem
2172 431 2243 454 non

647 480 749 529 plane
776 480 973 528 perdidisse
999 493 1117 528 spero.
1172 480 1220 515 At
1246 479 1273 514 si
1301 478 1418 525 aliquo
1446 477 1557 512 modo
1597 476 1685 512 haec
1725 477 1898 514 illustrare
1933 477 2017 513 mihi
2050 477 2246 526 contigerit,

648 539 716 574 hoc
742 539 858 575 studio
887 544 920 574 et
949 551 1082 587 operae
1109 538 1267 573 virorum
1296 536 1345 572 (Ἰ.
1363 535 1457 574 Prof.
1479 536 1601 576 Fures,
1630 536 1817 577 Kstcn,
1847 537 2028 575 [amum.
2057 536 2247 575 Amnon.

648 598 751 634 Doct.
780 598 977 637 HEUFFEL,
1005 597 1156 632 SONDER
1187 600 1222 631 et
1254 595 1385 631 LANGE
1416 593 1585 629 tributum
1622 593 1721 634 volo,
1755 594 1815 643 qui
1842 594 1925 630 mihi
1954 600 1988 631 et
2016 593 2248 630 collectiones

649 669 731 692 suas
765 662 799 692 et
830 656 941 692 libros
977 654 1202 690 necessarios
1231 653 1515 701 suppeditarunt.

798 869 1030 905 FUMARIA.
1060 866 1283 903 Tournefort
1302 868 1383 903 lust.
1414 873 1461 902 rei
1488 866 1576 902 herb.
1600 881 1638 916 p.
1666 872 1730 903 4202
1758 867 1814 918 (p.
1837 867 1911 918 p).
1964 867 2074 904 Linne
2103 869 2183 903 Gen.
2202 869 2250 917 pl.

652 945 702 965 wo
729 932 792 965 685
814 929 871 977 (p.
896 929 967 976 st)-
1023 928 1202 963 Gaertner
1232 927 1284 961 De
1311 928 1447 973 fructu
1481 927 1539 961 vol.
1574 927 1626 961 II.
1644 941 1683 975 p.
1713 932 1771 962 162
1799 926 1940 976 (pp).
1995 925 2192 962 Bernhardi
2217 933 2251 961 iu

653 989 808 1023 Limmea
838 991 919 1023 *1855
944 1001 981 1035 p.
1013 991 1079 1022 401.
1134 984 1328 1020 Endlicher
1361 986 1442 1020 Gen.
1460 986 1513 1034 pl.
1538 1000 1588 1020 71:0
1617 989 1710 1021 4845.

805 1080 907 1116 Char.
941 1077 1087 1126 Calyx
1117 1077 1315 1126 diphyllus,
1357 1077 1543 1113 deciduus.
1612 1076 1830 1112 Corollae
1870 1076 1984 1125 petala
2009 1077 2041 1117 4,
2088 1076 2256 1119 decidua,

654 1151 805 1188 quorum
829 1137 974 1173 inferius
999 1136 1160 1177 liberum,
1186 1136 1360 1185 superins,
1399 1135 1474 1171 basi
1503 1135 1632 1171 obtuse
1660 1135 1885 1177 calcaratum,
1919 1148 1999 1170 cum
2025 1135 2255 1171 interioribus

656 1198 730 1233 basi
755 1197 935 1235 coalitum;
971 1195 1141 1231 interiora
1178 1195 1210 1231 in
1245 1195 1346 1243 apice
1373 1196 1572 1242 conjuncta.
1629 1194 1829 1230 Stamina
1860 1195 1891 1235 6,
1922 1193 2127 1242 diadelpha;
2169 1193 2256 1242 pha-

656 1257 776 1305 langes
801 1255 922 1304 petalis
950 1253 1193 1289 exterioribus
1221 1254 1424 1301 oppositae:
1452 1252 1648 1303 phalanges
1675 1253 1837 1302 singulae
1867 1265 1914 1288 ex
1943 1252 2097 1288 antheris
2124 1253 2145 1288 3
2169 1265 2256 1288 con-

655 1320 734 1357 stat,
776 1326 922 1363 quarum
965 1312 1082 1348 inedia
1122 1311 1342 1354 bilocularis,
1387 1312 1550 1348 laterales
1590 1312 1847 1353 uniloculares;
1891 1311 2011 1360 pollen
2036 1311 2254 1360 globosum.

657 1374 826 1423 Stigma
854 1372 1012 1407 bicorne.
1066 1370 1227 1418 Stylus
1255 1371 1439 1407 deciduus.
1480 1372 1614 1406 Germ
1626 1384 1676 1406 en
1712 1370 1954 1419 carpophyllis
1980 1369 2132 1411 duobus,
2160 1370 2254 1406 lobis

657 1432 825 1482 stigmatis
855 1430 1045 1479 oppositis;
1084 1429 1264 1479 gemmula
1292 1430 1395 1465 unica
1422 1430 1467 1465 ad
1497 1435 1654 1465 suturam
1687 1429 1981 1479 obtusangulam,
2022 1428 2254 1478 amphitropa.

658 1493 850 1528 Fructus
878 1502 1031 1525 carnoso
1051 1489 1262 1536 drupaceus,
1291 1489 1435 1524 deinum
1453 1489 1579 1530 siccus,
1606 1487 1859 1537 subglobosus,
1887 1487 2126 1530 indehiscens‚
2154 1501 2259 1524 ener-

658 1551 726 1591 vis;
753 1548 1011 1596 endocarpium
1036 1547 1299 1588 tenuissimum,
1335 1561 1416 1583 cum
1453 1547 1679 1596 mesocarpio
1716 1552 1917 1583 connatum.
1970 1547 2134 1583 Semen
2161 1547 2259 1583 reni-

659 1609 790 1649 for1ne;
819 1607 974 1656 embryo
1001 1607 1035 1642 in
1062 1606 1139 1642 basi
1165 1606 1356 1642 albuminis
1386 1611 1521 1645 rectus:
1550 1605 1791 1654 cotyledones
1818 1605 1920 1641 duae.

809 1668 933 1702 Genus
961 1666 1134 1701 Fumat-ia
1166 1664 1296 1701 herbas
1325 1665 1482 1701 continet
1511 1678 1661 1706 annuas3
1694 1665 1836 1713 species
1861 1667 1995 1700 tantum
2025 1675 2102 1705 una,
2130 1665 2260 1700 Fuma-

661 1732 715 1761 νέα
742 1725 945 1773 εονμηιύοςα,
975 1723 1102 1759 dicitur
1129 1725 1308 1772 perennis.
1367 1725 1503 1760 Harum

811 1783 954 1819 Radix
983 1788 1036 1818 est
1074 1783 1227 1818 tenuiter
1260 1783 1471 1824 fusiformis,
1512 1794 1637 1831 parum
1674 1794 1832 1823 ramosa;
1873 1783 1952 1829 ejus
1994 1781 2142 1817 cellulae
2181 1786 2262 1817 sunt

661 1855 771 1879 succo
799 1855 927 1891 aqueo,
956 1841 1102 1890 hyalino
1130 1841 1296 1890 repletae.

811 1901 956 1937 Caulis
983 1900 1122 1936 inferne
1149 1913 1197 1936 ex
1224 1899 1435 1935 internodiis
1465 1899 1600 1948 aliquot
1624 1899 1838 1935 abbrexdatis
1864 1903 2011 1939 constat,
2037 1911 2128 1947 quae
2143 1903 2261 1934 tamen

661 1965 858 2008 sequuntur
889 1973 1006 2001 unum,
1033 1960 1088 1995 vel
1111 1959 1287 1995 interdum
1316 1958 1449 2006 aliquot
1476 1958 1677 1994 internodia
1711 1958 1892 2007 elongata;
1926 1957 2057 1993 deinde
2088 1956 2165 1992 axis
2193 1956 2263 2005 pri-

663 2019 794 2055 marius
823 2019 857 2054 in
884 2018 1184 2054 infloresceutiam
1230 2017 1449 2053 terminalem
1494 2017 1697 2053 dissolvitur
1721 2022 1756 2053 et
1783 2016 1892 2052 caulis
1928 2016 2096 2051 continue
2134 2015 2263 2052 axibus

663 2077 885 2113 secundariis
912 2084 946 2112 et
968 2077 1179 2112 internodiis
1207 2075 1380 2123 elongatis
1402 2076 1582 2111 accrescit.
1636 2076 1714 2111 Hac
1743 2074 1978 2111 dissolutione
2001 2074 2080 2110 axis
2108 2073 2263 2122 primarii

663 2137 698 2172 in
724 2136 1024 2172 inflorescentiani
1052 2135 1274 2172 terminalem
1303 2134 1415 2169 oritur
1441 2133 1578 2169 insolita
1620 2133 1750 2182 positio
1791 2145 2029 2174 racemorum,
2073 2132 2133 2181 qui
2171 2132 2263 2168 foliis

665 2200 746 2231 sunt
770 2195 934 2243 oppositi.
988 2195 1045 2230 De
1073 2202 1195 2230 cetero
1225 2193 1334 2229 caulis
1361 2196 1413 2228 est
1440 2191 1656 2234 herbaceus,
1684 2192 1898 2241 plerumque
1926 2191 2069 2233 debilis,
2096 2204 2264 2240 procum-

665 2254 755 2290 bens
786 2254 844 2289 vel
882 2253 1021 2302 petiolis
1059 2253 1252 2294 scandens,
1296 2252 1370 2287 fere
1410 2250 1619 2300 regulariter
1648 2257 1888 2301 pentagonus,
1927 2250 2025 2300 quod
2052 2250 2129 2286 sine
2154 2250 2265 2287 dubio

666 2326 746 2348 cum
773 2313 939 2348 foliorum
967 2312 1143 2360 positione
1169 2314 1248 2361 (Ἄ)
1274 2310 1450 2346 cohaeret.
1505 2310 1661 2346 Cellulae
1687 2311 1766 2357 ejus
1791 2322 1901 2346 succo
1928 2308 2073 2358 aqueoi,
2102 2309 2263 2358 hyalino,

667 2376 748 2407 sunt
775 2371 910 2419 plenae.

817 2429 941 2464 Folia
968 2428 1181 2477 plerumque
1206 2427 1309 2475 plana
1336 2431 1372 2462 et
1399 2425 1518 2461 tenuia
1545 2429 1634 2466 sunt,
1678 2425 1711 2460 in
1750 2425 1884 2474 aliquot
1923 2424 2115 2473 speciebus
2141 2429 2261 2461 tamen

670 2487 854 2525 crassiora.
882 2486 1097 2534 aliquantum
1126 2498 1278 2521 carnosa
1301 2497 1531 2533 superneque
1558 2483 1802 2525 canaliculata;
1828 2483 2008 2527 inferiora,
2029 2483 2170 2532 petiolis
2186 2484 2265 2532 plus

669 2545 831 2580 minusve
858 2550 960 2580 acute
984 2544 1129 2593 trigonis
1156 2543 1325 2592 praedita,
1350 2555 1459 2591 saepe
1476 2547 1558 2578 sunt
1581 2541 1787 2590 simpliciter
1802 2542 2052 2589 pinnatisecta;
2078 2543 2266 2590 superiora

670 2609 787 2639 autem
814 2602 890 2638 fere
917 2602 1052 2638 sessilia
1078 2609 1112 2638 et
1140 2602 1409 2650 bipinnatisecta
1436 2607 1527 2637 sunt.
1581 2600 1709 2637 Petioli
1734 2600 1937 2636 secundarii
1963 2612 2074 2649 saepe
2100 2600 2264 2637 cirrhoso
