2435 3188
1655 251 1739 290 309

197 357 295 405 quod
326 370 457 393 nomen
487 355 727 404 usurpandum
752 360 862 395 essct,
879 354 1131 396 dubitavimus,
1148 355 1213 390 sed
1233 355 1326 403 apud
1352 355 1414 389 has
1430 354 1608 390 attulimus
1624 356 1794 395 rationes,

198 416 327 464 quibus
364 415 533 451 commoti
569 414 637 450 hoc
666 414 720 449 vel
748 413 832 449 illud
860 413 1070 461 recepimus.
1127 415 1246 457 Quum
1275 426 1368 448 nova
1393 418 1510 448 autem
1540 414 1682 448 nomina
1709 427 1794 461 spe—

197 474 321 510 ciebus
350 487 420 510 non
449 480 527 509 ante
552 473 736 521 descriptis
763 473 1050 520 imponeremus,
1067 478 1186 507 notam
1205 472 1382 521 quandam
1399 472 1619 517 graviorem,
1637 471 1792 507 habitum

196 533 251 568 vel
280 533 424 582 patriam
452 544 596 579 semper
623 532 850 579 respeximus
884 536 918 566 et
945 530 1073 566 sedulo
1102 531 1326 572 evitavimus,
1357 544 1402 566 ne
1427 530 1572 567 nomine
1602 531 1794 566 inventoris

196 592 437 628 salutaremus.
494 591 555 626 Est
580 591 673 626 enim
704 590 808 626 nobis
834 589 903 625 hoc
930 602 1157 638 persuasum,
1183 590 1280 639 quod
1312 589 1404 624 haud
1434 589 1563 625 multos
1590 589 1694 636 hujus
1718 589 1794 624 aevi

196 651 381 686 botanicos
409 649 563 698 probare
593 649 752 698 perbene
780 649 927 689 scimus,
957 661 1107 685 necesse
1135 662 1231 689 esse,
1263 656 1297 684 ut
1324 662 1342 683 a
1373 661 1474 684 more
1500 648 1560 683 illo
1589 661 1683 683 1111110
1707 652 1795 683 10111-

197 710 292 758 poris
318 708 562 753 vulgatissimo
588 708 754 744 omnibus
784 708 859 744 scre
889 708 991 743 novis
1020 707 1145 756 plantis
1174 720 1307 743 110111011
1335 707 1399 743 viri
1427 707 1613 754 cujusdam
1637 706 1794 742 tribuen-

194 769 229 804 di
258 768 399 804 tandem
434 767 654 803 desistamus.
709 767 791 802 Hoc
833 767 927 803 enim
968 767 1079 802 modo
1119 767 1267 802 seientia
1305 766 1411 802 nobis
1442 766 1582 801 videtur
1608 765 1684 800 fere
1712 764 1794 800 nihil

195 840 274 863 esse
303 827 368 862 11151
395 826 483 862 13110
509 826 684 875 quaedam
712 826 847 871 gloriae
875 825 1052 862 humanae
1079 825 1283 875 augendae,
1308 825 1336 861 si
1365 825 1510 874 quidem
1530 824 1666 870 gloriae
1693 824 1795 873 quid—

195 899 299 935 quam
328 885 385 921 tali
413 885 463 920 rei
489 885 588 920 inest.
645 888 761 933 Saepe
789 886 882 921 enim
912 886 967 921 illa
995 890 1047 921 sat
1069 885 1210 921 videtur
1233 897 1382 932 anceps,
1415 891 1449 919 ut
1474 897 1504 919 V.
1534 897 1561 919 c.
1594 896 1702 932 quum
1731 896 1793 918 no-

196 958 275 981 men
318 944 472 980 auctoris
505 945 691 991 cujusdam
730 943 864 980 herbae
893 944 936 979 ab
967 944 1026 980 illo
1055 944 1140 979 falsa
1167 943 1458 980 denominatione
1486 943 1655 979 salutatae
1680 942 1794 990 impo-

195 1004 300 1040 nitur:
342 1008 455 1039 utrum
499 1003 592 1038 enim
626 1004 800 1039 memoria
838 1003 950 1039 meriti
975 1016 1017 1038 an
1046 1003 1116 1039 vitii
1152 1003 1242 1039 illius
1269 1008 1342 1039 tum
1372 1004 1554 1038 servatur?
1584 1024 1627 1028 -
1654 1001 1794 1051 Negare

194 1076 264 1098 11011
291 1063 482 1103 audemus,
516 1062 605 1097 mori
631 1062 710 1098 huie
738 1063 943 1098 Linnaeano
974 1062 1104 1111 aliquid
1133 1063 1208 1097 veri
1233 1062 1366 1103 inesse,
1392 1062 1420 1098 si
1449 1062 1655 1097 Linnaeano
1684 1060 1794 1095 modo

194 1122 232 1167 (i.
260 1135 290 1157 0,
322 1121 480 1169 modice)
507 1121 733 1162 adhibeatur,
762 1122 826 1157 sed
857 1134 965 1170 quum
991 1121 1121 1157 11051115
1146 1122 1369 1170 temporibus
1388 1121 1582 1169 scriptores
1600 1119 1671 1155 hoc
1692 1132 1794 1168 aper-

191 1187 227 1217 te
254 1181 457 1221 abutantur,
486 1180 602 1216 acrius
633 1181 830 1216 remedium
869 1180 973 1216 nobis
1012 1180 1152 1216 videtur
1175 1194 1256 1216 esse
1284 1180 1543 1220 adhibendum,
1575 1184 1609 1215 ut
1633 1178 1689 1214 hie
1715 1190 1794 1213 mos

195 1240 389 1275 aboleatur.
447 1239 535 1275 Aliis
578 1240 697 1275 forsan
725 1240 826 1275 aliam
854 1239 993 1289 ingredi
1017 1240 1109 1275 viam
1136 1240 1274 1280 lubeat.
1303 1240 1408 1276 nobis
1436 1246 1553 1275 autem
1581 1249 1792 1287 persuasum

194 1299 385 1339 habemus,
416 1297 506 1334 hanc
534 1298 700 1347 optimam
728 1312 824 1340 esse,
859 1311 969 1348 quare
998 1300 1101 1334 etiam
1130 1312 1176 1334 ne
1203 1299 1261 1334 uni
1291 1300 1436 1348 quidem
1461 1298 1681 1347 specierum,
1706 1308 1793 1344 quas

193 1358 313 1394 forsan
352 1357 544 1407 aliquando
572 1370 684 1394 novas
710 1358 922 1407 descripturi
949 1358 1075 1397 51111115,
1103 1371 1236 1393 nomen
1262 1357 1416 1394 hominis
1442 1358 1544 1393 ullius
1575 1357 1792 1405 adtigemus,

196 1424 231 1455 et
257 1418 360 1453 valde
386 1430 473 1452 53110
514 1429 778 1459 111001010111115,
808 1418 837 1453 51
861 1417 940 1466 quis
969 1423 1093 1453 nostro
1121 1417 1267 1453 nomine
1294 1417 1365 1452 hoe
1394 1417 1505 1453 modo
1532 1422 1704 1453 uteretur:
1733 1414 1792 1463 qui

199 1477 292 1513 enim
319 1476 365 1512 de
392 1477 539 1513 scientia
563 1490 648 1513 vere
676 1477 822 1513 meritus
850 1482 921 1516 est,
948 1478 1026 1524 ejus
1052 1476 1169 1512 honos
1197 1489 1422 1525 nomenque,
1451 1476 1556 1512 etiam
1573 1475 1639 1511 hac
1656 1474 1792 1510 ratione

195 1549 265 1572 non
307 1535 479 1576 adhibita,
517 1548 662 1585 semper
701 1536 909 1574 manebunt:
939 1536 968 1572 si
997 1549 1016 1571 e
1043 1536 1222 1572 contrario
1250 1535 1296 1571 nil
1324 1535 1498 1571 memoria
1526 1535 1672 1584 dignum
1699 1533 1793 1568 fece-

193 1596 249 1636 rit,
278 1595 448 1631 oblivioni
476 1595 640 1631 tradatur.

342 1668 551 1719 Priusquam
582 1683 657 1705 rem
686 1670 797 1718 ipsam
825 1670 1091 1719 aggrediamur,
1118 1670 1347 1705 indicandum
1371 1669 1475 1704 1101115
1492 1669 1647 1709 videtur,
1665 1669 1794 1718 quibus

197 1728 304 1764 rebus
331 1729 441 1776 adjuti
469 1729 562 1765 hunc
595 1735 760 1765 conatum
788 1730 973 1777 suscipere
1000 1729 1076 1765 ausi
1106 1729 1226 1764 simus.
1281 1730 1319 1764 In
1349 1728 1470 1777 primis
1492 1728 1597 1777 igitur
1616 1728 1794 1764 maximae

197 1787 337 1823 fuerunt
366 1788 497 1824 utilitati
525 1788 727 1824 herbarium
759 1789 869 1824 Patris
896 1788 1081 1826 carissimi,
1111 1787 1285 1836 permulta
1301 1787 1496 1835 specimina
1512 1787 1556 1823 ab
1572 1788 1657 1836 ipsis
1673 1793 1795 1822 aucto-

197 1846 293 1882 ribus
316 1847 546 1883 determinata
562 1848 820 1896 complectens,
839 1854 872 1883 ct
893 1847 1107 1883 bibliotheca
1124 1846 1295 1895 operibus
1312 1846 1599 1893 Lichcuologicis
1617 1847 1794 1883 ditissima.

197 1905 354 1942 Maxima
393 1907 523 1942 deinde
565 1907 674 1957 gratia
715 1907 901 1943 referenda
939 1912 991 1943 est
1027 1906 1272 1942 Celeberrimo
1315 1906 1389 1941 Dzri
1432 1908 1528 1942 (ἈΜ.
1559 1905 1792 1945 MONTAGNE.

197 1965 391 2013 plantarum
432 1971 746 2014 cryptogamarum
788 1966 971 2002 indefesso
1011 1965 1200 2001 scrutatori
1237 1969 1272 2000 et
1297 1965 1462 2000 membro
1493 1965 1641 2001 Instituti
1669 1965 1795 2001 Gallici

199 2024 438 2065 meritissimo,
469 2025 526 2074 qui
545 2025 811 2066 benevolentia,
841 2038 908 2074 qua
934 2024 1129 2073 specimina
1157 2024 1334 2060 variarum
1359 2024 1563 2072 specierum
1594 2024 1698 2060 nobis
1726 2025 1795 2059 mi—

198 2096 262 2118 11115
291 2084 509 2132 cognitarum
540 2084 830 2125 communicavit,
860 2084 926 2120 sibi
952 2096 1020 2119 nos
1049 2088 1143 2119 totos
1173 2083 1341 2118 devinxit.
1395 2083 1522 2132 Neque
1555 2084 1693 2119 minore
1721 2083 1793 2118 lau-

199 2142 243 2177 de
274 2142 368 2191 (ligni
395 2149 475 2178 sunt
500 2143 602 2179 amici
626 2143 690 2178 Dzr
714 2144 795 2179 Jou.
822 2144 968 2183 Limen,
998 2155 1063 2190 per
1090 2154 1195 2190 quem
1225 2141 1420 2190 specimina
1445 2142 1480 2177 in
1502 2142 1592 2177 Mus.
1612 2142 1795 2178 Haunien—

199 2200 226 2235 si
256 2207 434 2237 asservata
472 2202 646 2250 inspicere
675 2202 779 2238 nobis
817 2202 981 2251 contigit,
1010 2207 1044 2237 et
1072 2200 1165 2236 Prof.
1194 2200 1233 2235 N.
1263 2201 1292 2235 .].
1321 2204 1570 2243 ANDERSSON,
1599 2202 1657 2250 qui
1686 2214 1794 2250 quum

201 2259 308 2295 libros
347 2266 418 2295 tum
462 2261 681 2309 exemplaria
709 2275 728 2296 e
754 2261 843 2297 Mus.
886 2260 1102 2300 Holmiensi‚
1142 2260 1246 2295 variis
1281 2259 1487 2308 archetypis
1515 2259 1724 2296 Acharianis
1762 2266 1795 2295 ct

203 2318 424 2355 swartzianis
453 2320 625 2368 pretioso,
653 2320 899 2369 suppeditavit.
955 2318 1237 2354 collectionibus
1271 2319 1492 2355 Academiae
1520 2319 1737 2368 Upsaliensis
1762 2326 1797 2355 et

202 2375 393 2422 plantarum
434 2378 616 2424 (herbario
658 2378 957 2426 Thunbergiano)
999 2384 1033 2413 et
1059 2378 1232 2413 librorum
1263 2383 1447 2426 praeterea
1476 2378 1529 2413 usi
1561 2391 1699 2420 sumus,
1730 2392 1795 2414 nec

203 2446 273 2468 11011
303 2434 467 2473 1101113110
495 2438 582 2486 Reg.
611 2439 692 2473 Soc.
727 2438 855 2474 Scient.
889 2438 1004 2486 Upsal.
1034 2436 1202 2472 nonnulla
1229 2436 1461 2485 speciminula
1490 2436 1691 2472 Achariana
1707 2450 1793 2472 con—

202 2492 341 2528 tinente.
382 2517 427 2522 —
464 2497 509 2531 Hi
542 2497 723 2544 praecipui
769 2503 850 2532 sunt
889 2497 1063 2545 fontes*)‚
1104 2509 1123 2531 e
1165 2495 1295 2544 quibus
1324 2496 1567 2545 cognitionem
1591 2496 1792 2545 specierum

270 2594 289 2623 ²)
309 2594 397 2627 Magni
425 2604 559 2628 praeterea
587 2598 726 2627 momenti,
755 2604 783 2622 ut
801 2599 983 2632 unusquisque
1010 2598 1085 2623 facile
1110 2604 1200 2633 potest
1220 2598 1376 2632 intelligere,
1396 2597 1501 2622 fuerunt
1521 2598 1691 2623 collectiones
1714 2599 1797 2622 uariae

203 2636 327 2661 lichenum
349 2637 550 2669 exsta-catorum,
570 2646 597 2664 ut
618 2639 733 2669 Fames,
753 2640 891 2670 Schaereri,
911 2641 1014 2671 Friesii,
1034 2641 1170 2672 Fiotowii,
1188 2641 1375 2666 Sommerseltii
1397 2648 1444 2666 etc.
