2435 3188
1677 240 1732 279 95

186 343 415 393 Perspicuum
441 339 547 390 igitur
572 342 635 381 est,
668 340 891 377 CLERCKIUM
927 338 1021 376 hano
1051 339 1212 388 speciem
1240 352 1321 376 cum
1348 352 1435 376 vera
1459 341 1539 377 Lin.
1570 346 1786 391 tringulart

186 403 260 440 sive
292 402 354 438 Ar.
384 414 445 435 res.
479 399 626 434 silvestri
661 398 725 434 De
759 399 888 435 Geer.
935 398 1153 435 confudisse.
1222 398 1325 434 Haec
1363 402 1483 434 tamen
1522 401 1668 437 nomine
1705 404 1784 438 Lm.

185 460 396 507 triangulari
422 456 630 506 (Clerck.)
657 456 869 506 appellanda
896 462 959 499 est,
985 463 1059 493 tum
1087 457 1170 506 quia
1190 457 1348 493 omnium
1364 457 1622 506 Linyphiarum
1648 466 1786 497 nostra-

183 532 259 556 rum
283 516 520 568 vulgatissima
547 519 610 557 est,
637 516 716 551 Lm.
743 528 832 552 vero
861 523 1066 564 marginata
1092 517 1126 553 in
1155 516 1332 552 rariorum
1370 528 1522 552 numero
1548 516 1724 561 habenda,
1750 526 1787 557 ut

182 590 272 628 quae
295 577 384 613 intra
411 575 562 612 Sueciae
589 574 689 617 fines,
730 579 900 624 quantum
928 575 1015 618 seio,
1043 576 1079 612 in
1103 575 1277 624 Uplandia
1300 579 1434 611 tantum
1461 579 1496 611 et
1524 576 1785 615 Sudermannia

180 637 294 673 miuus
319 635 487 685 frequens
512 638 548 682 (a
574 637 649 683 me)
679 634 822 670 inventa
847 634 905 677 sit;
946 640 1021 672 tum
1057 635 1157 684 quod
1180 635 1214 671 in
1243 647 1323 670 eam
1349 634 1477 671 melius
1505 647 1612 687 quam
1640 636 1675 672 in
1702 638 1782 674 Lin.

179 701 412 743 marginatam
439 693 632 741 descriptio
661 693 764 736 cadit,
792 698 828 731 et
853 693 1351 745 alterafffigurarmnmarem
1395 695 1475 741 ejus
1514 695 1702 732 evidenter
1729 709 1784 733 re-

180 758 387 804 praesentat.
443 752 610 801 Plerique
634 751 739 788 etiam
764 753 970 802 scriptores,
1002 758 1038 789 ut
1057 755 1133 801 jam
1160 753 1245 795 dixi,
1274 754 1339 789 Ar.
1364 768 1426 789 res.
1458 755 1646 790 silvestrem
1662 774 1702 786 =
1718 757 1781 791 Ar.

178 814 426 860 triangularem
452 815 661 861 posuerunt,
695 816 730 847 et
765 812 1057 850 SUNDEVALLIUS
1085 812 1119 848 ei
1146 825 1283 849 nomen
1319 814 1406 849 Lin.v
1428 816 1683 860 triangularem
1708 816 1780 862 jam

175 871 307 908 dudum
333 871 429 908 dixit.

398 1006 457 1055 Sp.
489 1006 543 1041 12.
598 1004 972 1042 TRIANGULARIS.
998 1019 1030 1054 p.
1060 1005 1116 1041 71.
1147 1004 1197 1041 Pl.
1228 1006 1261 1041 3.
1288 1005 1357 1041 tab.
1383 1005 1416 1041 2.

767 1100 968 1148 Descriptio
990 1109 1024 1135 et
1034 1101 1106 1148 fig.
1135 1106 1167 1135 4:

252 1174 315 1207 Syn.
340 1174 478 1200 Aranea
500 1175 664 1199 montana
686 1173 760 1199 Liim.
783 1172 853 1209 Syst.
877 1173 943 1200 Nat.
967 1173 1017 1200 Ed.
1045 1176 1088 1200 10.
1112 1173 1134 1201 I.
1156 1182 1182 1210 p.
1207 1175 1279 1206 6213
1303 1172 1354 1200 Ed.
1381 1176 1424 1201 12.
1447 1182 1471 1210 p.
1499 1175 1582 1200 1032.

392 1232 405 1246 «
559 1231 572 1246 «
697 1224 730 1248 icl.
775 1221 860 1250 Faun.
882 1222 958 1250 Suec.
982 1223 1031 1250 Ed.
1056 1227 1080 1250 2.
1105 1233 1130 1260 p.
1155 1226 1222 1251 488.

492 1270 656 1308 resupina
680 1270 860 1298 silvestris
884 1273 920 1299 De
942 1273 1014 1299 Geor.
1044 1272 1128 1300 Mem.
1152 1272 1216 1300 VII.
1240 1282 1264 1309 p.
1289 1276 1356 1300 245.
1379 1272 1414 1309 pl.
1442 1275 1485 1300 14.
1508 1272 1573 1308 figg.
1601 1274 1726 1299 13—22.

336 1319 506 1358 Linyphia
529 1319 761 1356 triangularis
784 1321 865 1348 Swzd.
891 1322 951 1349 Act.
977 1321 1070 1349 Holm.
1096 1324 1181 1350 1829.
1204 1332 1229 1359 p.
1253 1324 1320 1349 215.

392 1381 405 1393 «
530 1374 693 1398 montana
783 1372 878 1397 Il'alck.
901 1370 956 1398 Ins.
981 1373 1045 1408 Apt.
1068 1371 1105 1398 Π.
1129 1381 1153 1408 p.
1177 1374 1245 1399 233.

390 1430 403 1444 «
600 1430 613 1444 «
780 1421 857 1448 Koch.
881 1420 932 1448 Die
954 1421 1073 1449 Arachn.
1097 1421 1163 1448 XII.
1186 1430 1211 1458 p.
1238 1422 1302 1448 113.
1325 1420 1390 1457 figg.
1418 1423 1625 1449 1038—1039.

786 1471 878 1497 Westr.
902 1471 963 1498 Act.
986 1470 1106 1498 Gothob.
1133 1473 1219 1499 1851.
1242 1479 1266 1508 p.
1292 1472 1338 1498 37.

584 1528 789 1578 [LINYPHIA
820 1528 1119 1579 triangularis
1146 1528 1351 1580 (Clerclc)]

888 1658 971 1705 Fig.
997 1664 1036 1695 2:

247 1733 310 1766 Syn.
336 1731 509 1769 Linyphia
531 1731 727 1768 marginata
754 1733 841 1758 uniter
864 1731 937 1759 Mus.
960 1731 1056 1759 Senck.
1080 1732 1102 1759 I.
1124 1741 1150 1769 p.
1174 1735 1241 1760 247.
1264 1732 1300 1770 pl.
1328 1735 1371 1760 17.
1396 1732 1440 1768 fig.
1466 1737 1489 1759 ὅ.

390 1792 402 1806 «
604 1791 618 1805 «
745 1782 822 1807 Korn.
846 1780 897 1807 Die
921 1781 1038 1808 Arachn.
1062 1781 1127 1809 XII.
1150 1791 1175 1819 p.
1202 1784 1266 1809 118.
1290 1782 1353 1818 figg.
1381 1784 1588 1809 1041—10421.

390 1841 403 1855 «
527 1829 761 1866 triangularis
789 1831 883 1857 Walelc.
907 1830 962 1857 Ins.
986 1831 1050 1867 Apt.
1074 1831 1112 1858 II.
1134 1840 1160 1868 p.
1184 1834 1250 1858 240.

787 1881 877 1907 [l'escr.
902 1881 964 1907 Act.
988 1879 1109 1907 Gothob.
1136 1883 1220 1908 1851.
1243 1889 1269 1917 p.
1293 1883 1339 1907 37.

625 1939 831 1988 [LINYPRIA
857 1952 892 1976 m
904 1940 1001 1990 argi
1010 1952 1031 1976 11
1043 1953 1061 1976 a
1071 1944 1111 1976 ta
1143 1940 1299 1990 Wider]

313 2051 408 2088 Vide
433 2051 592 2101 speciem
619 2053 778 2101 priorem
802 2054 1063 2105 (montanum),
1092 2054 1303 2103 praesertim
1330 2066 1409 2102 pag.
1439 2054 1485 2088 94
1516 2058 1551 2088 et
1577 2054 1634 2087 95.

884 2242 906 2277 3
936 2242 1040 2278 CAP.

906 2304 942 2337 (p.
962 2302 1012 2334 73).

359 2369 419 2410 De
448 2370 714 2412 Retiariomm
753 2372 886 2414 Tertio
923 2372 1098 2426 Genere,
1130 2375 1209 2414 sive
1245 2373 1555 2417 TEXTORJBUS.

301 2469 392 2507 Tres
431 2476 566 2508 tantum
604 2473 746 2522 species
783 2474 819 2510 in
859 2473 931 2511 hoc
966 2475 1089 2524 Capite
1125 2475 1395 2517 describuntur,
1437 2477 1536 2525 quod
1571 2478 1766 2514 Droessidas

159 2526 247 2564 Sun
257 2528 288 2564 d.
317 2530 521 2579 (thbitelas
548 2531 680 2580 Latr.)
705 2533 872 2569 continet.
