2435 3188
704 246 763 287 *70

801 352 924 387 Descr.
944 351 1031 387 Var-
1059 363 1082 385 oc
1112 357 1144 387 et
1169 349 1197 392 β
1222 355 1249 388 2-
1276 373 1323 379 —
1351 351 1703 401 Cephalothorax
1733 353 1829 390 6—7
1845 354 1964 389 millim.
1982 353 2110 401 longus,
2137 354 2243 388 latitu-

650 410 726 447 dine
753 430 793 441 =
823 412 863 461 ⁵sfi
893 410 1115 459 longitudinis,
1140 411 1333 453 ob-ovatus,
1361 425 1460 460 supra
1487 427 1605 461 parum
1638 426 1818 454 convexus,
1856 414 2131 462 impressionibus
2158 413 2247 448 ordi-

649 472 746 506 nariis
771 470 950 519 cephalicis
976 471 1154 518 expressis,
1184 483 1300 505 versus
1327 470 1456 506 foveam
1485 485 1636 520 magnam
1664 472 1869 521 profundam,
1893 486 1982 521 pone
2010 472 2153 508 medium
2170 484 2246 520 par-

650 531 690 566 tis
717 530 905 565 thoracicae
930 531 1034 571 sitam,
1061 530 1282 576 impressione
1310 531 1400 564 cruci
1427 531 1520 565 simili
1545 537 1700 573 notatam,
1738 531 1886 573 directis3
1925 531 2029 567 dense
2064 544 2245 579 appresso-

649 589 786 637 pilosus,
812 591 897 625 serie
923 593 1065 623 setarum
1094 586 1192 622 4-5
1220 588 1406 635 longiorum
1433 590 1464 624 in
1490 590 1600 625 medio
1628 589 1746 625 dorso:
1765 604 1859 639 pars
1884 591 2058 639 cephalica
2090 591 2246 626 lateribus

650 650 765 691 rectis,
791 648 971 697 parallelis,
1001 648 1107 682 antice
1149 647 1341 695 rectangula
1379 654 1411 683 et
1444 654 1609 691 truncata,
1639 649 1811 684 tuberculo
1852 651 2024 685 oculorum
2063 650 2246 685 mediorum

649 708 837 749 manifesto,
864 719 1033 747 conveXO,
1070 705 1204 748 declivi,
1235 706 1414 742 lateralium
1451 709 1649 749 sub-acuto,
1685 709 1770 743 bene
1799 722 1977 756 expresso;
2004 723 2104 758 supra
2131 721 2246 758 parum

649 780 809 809 convexa,
832 766 901 802 fere
929 766 1035 814 plana,
1062 765 1229 801 latitudine
1258 765 1423 801 dimidiam
1458 769 1557 802 totius
1589 767 1877 815 cephalothoracis
1903 768 2140 815 longitudinem
2179 768 2246 803 sere

648 827 810 875 aequanti,
837 826 997 860 maximae
1037 826 1110 871 ejus
1153 825 1328 861 latitudinis
1373 832 1501 874 partem
1542 826 1706 862 dimidiam
1733 827 1912 875 paullulum
1938 829 2123 875 superanti:
2154 841 2248 876 pars

648 886 823 921 thoracica
851 884 1056 920 orbiculatim
1079 884 1268 926 rotundam,
1302 899 1419 921 versus
1447 886 1545 921 latera
1575 899 1741 928 convexa,
1774 887 1904 934 postice
1931 900 2020 935 pone
2046 886 2174 922 foveam
2202 886 2247 920 ob

649 945 874 993 receptionem
893 943 1078 979 abdominis
1093 944 1333 992 triangulariter
1346 945 1507 994 depressa
1528 952 1561 981 et
1586 946 1711 993 glabra.
1747 944 1941 981 Sternum
1970 946 2247 986 sub-convexum,

648 1003 999 1052 oblongo-cordatum,
1024 1003 1177 1050 pilosum.
1249 1003 1373 1039 Oculi
1413 1006 1514 1039 medii
1547 1010 1656 1040 antici
1683 1019 1698 1039 a
1725 1006 1870 1053 margine
1898 1004 2025 1039 frontali
2053 1017 2118 1039 non
2144 1004 2248 1051 magis

648 1065 775 1106 remoti,
803 1076 900 1111 quam
926 1076 943 1097 a
969 1063 1086 1097 mediis
1110 1068 1264 1110 posticis,
1300 1065 1354 1111 qui
1386 1065 1497 1112 paullo
1526 1066 1670 1100 minores
1700 1071 1775 1100 sunt
1809 1070 1841 1099 et
1874 1065 1957 1098 inter
1984 1076 2020 1098 se
2053 1064 2248 1111 propriores

648 1137 746 1172 quam
773 1123 831 1164 illi,
858 1122 1017 1157 laterales
1042 1123 1126 1157 inter
1153 1135 1189 1157 se
1220 1124 1370 1170 proximi,
1397 1138 1463 1159 non
1487 1137 1567 1159 vero
1600 1126 1846 1172 contingentes,
1874 1136 2015 1171 quorum
2041 1127 2150 1157 antici
2173 1121 2249 1169 plus

647 1184 750 1232 duplo
796 1183 926 1230 longius
968 1182 1009 1217 ab
1049 1182 1163 1217 anticis
1191 1182 1307 1218 mediis
1341 1183 1470 1225 distant,
1511 1197 1608 1232 quam
1636 1184 1666 1219 hi
1692 1185 1776 1219 inter
1808 1197 1854 1224 se,
1882 1196 1955 1217 cum
1985 1182 2105 1230 quibus
2132 1181 2248 1216 lineam

648 1249 771 1278 rectam
799 1241 982 1289 designant.
1035 1239 1311 1276 Mandibulae
1340 1243 1753 1292 ovato-sub-cylindricae,
1782 1244 1812 1277 in
1841 1242 1943 1277 dorso
1972 1254 2116 1290 superne
2135 1241 2251 1276 leviter

646 1302 1035 1351 geniculato-convexae,
1062 1301 1282 1348 impressione
1310 1302 1362 1337 vel
1388 1301 1485 1337 fovea
1514 1302 1554 1337 ad
1582 1316 1745 1337 summum
1774 1303 1919 1350 apicem·,
1956 1301 2118 1336 subtiliter
2144 1306 2249 1334 trans-

648 1375 744 1398 verse
772 1361 919 1402 striatae,
961 1361 1155 1408 praesertim
1192 1361 1242 1407 (et
1268 1361 1378 1409 paullo
1406 1361 1617 1409 profundius)
1642 1363 1836 1403 introrsum,
1866 1362 1995 1409 apicem
2032 1372 2167 1399 versus,
2193 1358 2249 1392 ubi

648 1423 744 1456 etiam
772 1421 908 1468 oblique
936 1424 1130 1467 angustatae
1152 1426 1227 1454 sunt
1254 1426 1286 1455 et
1312 1421 1356 1455 ob
1385 1422 1611 1469 receptionem
1638 1423 1756 1469 unguis
1777 1421 1881 1461 sulm,
1909 1434 1928 1455 e
1954 1419 2109 1454 dentibus
2136 1423 2249 1465 septe-

649 1484 697 1516 nis
723 1482 753 1515 in
781 1481 875 1515 binas
902 1480 1005 1514 series
1031 1478 1212 1513 distributis
1236 1479 1387 1521 formato,
1413 1480 1592 1527 praeditae.
1646 1480 1806 1527 Singulae
1836 1478 2044 1514 mandibulae
2076 1475 2248 1524 longitudo

647 1541 749 1588 duplo
778 1540 883 1586 major
910 1544 960 1573 est
986 1550 1083 1585 quam
1120 1551 1247 1572 summa
1287 1538 1433 1580 latitudo,
1461 1546 1492 1574 et
1521 1540 1635 1574 frontis
1662 1539 1862 1574 latitudinem
1897 1543 2025 1585 aequat.
2077 1535 2250 1583 Unguis

648 1601 755 1641 sortis,
795 1603 966 1638 curvatus,
1002 1596 1205 1644 longitudine
1245 1597 1397 1633 dimidiae
1434 1599 1651 1634 mandibulae.
1714 1597 1919 1633 Maxillae
1952 1595 2248 1635 sub-orbiculatae,

647 1661 742 1708 apice
770 1657 938 1693 molliores
968 1658 1087 1704 (quare
1113 1657 1143 1690 in
1170 1657 1332 1704 exemplis
1358 1659 1532 1693 exsiccatis
1559 1659 1734 1693 introrsum
1763 1657 1802 1692 ad
1832 1658 1962 1705 apicem
1989 1667 2092 1703 saepe
2122 1654 2248 1701 collap-

646 1733 702 1755 sae
730 1724 806 1754 sunt
833 1723 865 1752 et
893 1716 986 1764 quasi
1012 1717 1205 1763 impressae,
1233 1722 1267 1750 ut
1295 1723 1386 1751 certo
1416 1719 1478 1752 situ
1521 1719 1656 1765 oblique
1701 1723 1869 1752 truncatae
1905 1715 2100 1759 videantur).
2166 1711 2250 1747 La-

648 1781 757 1815 bium
784 1775 1086 1817 semi-circulatam,
1113 1777 1209 1823 apice
1237 1775 1395 1811 molliore.
1458 1776 1580 1825 Palpi
1613 1775 1892 1824 cephalotborace
1920 1774 2030 1822 paullo
2069 1774 2249 1821 longiores,

647 1844 898 1874 metatarsorum
926 1835 1090 1875 crassitie;
1113 1834 1209 1870 valde
1236 1836 1379 1882 spinosi,
1405 1837 1600 1884 praesertim
1626 1837 1655 1870 in
1683 1842 1776 1884 parte
1806 1835 1930 1875 tarsali;
1950 1847 2042 1882 pars
2062 1832 2247 1879 femoralis

647 1899 716 1934 basi
742 1901 923 1944 angustata,
962 1894 1179 1941 sequentibus
1221 1894 1351 1929 duabus
1393 1897 1578 1942 conjunctis
1618 1895 1728 1942 paullo
1769 1895 1919 1934 brevior,
1943 1906 2034 1941 pars
2060 1892 2248 1940 patellaris

647 1958 807 1992 diametro
834 1953 984 1994 dimidio,
1013 1951 1140 1987 tibialis
1168 1959 1276 1987 autem
1311 1953 1414 2002 duplo
1440 1955 1580 2002 longior,
1622 1953 1705 1989 haec
1745 1955 1872 2002 apicem
1909 1965 2026 1987 versus
2060 1951 2172 1998 paullo
2198 1952 2246 1985 in—

646 2022 809 2057 crassata,
842 2026 932 2062 pars
960 2012 1103 2047 tarsalz‘s
1139 2012 1343 2060 longitudine
1380 2014 1650 2062 praecedentium
1692 2012 1829 2047 duarum
1874 2012 2084 2058 conjunctim,
2117 2012 2246 2058 apicem

646 2089 763 2113 versus
791 2086 907 2122 parum
934 2077 1116 2118 angustata,
1146 2072 1358 2115 sub-obtusa,
1389 2074 1573 2120 unguiculo
1601 2086 1716 2121 parvo,
1744 2073 1859 2107 subter
1879 2071 2056 2119 pectinatO,
2080 2071 2246 2104 instructa.

646 2136 787 2172 Pedes
815 2133 918 2168 dense
946 2131 1054 2179 pilosi,
1089 2131 1212 2166 aculeis
1250 2134 1453 2175 numerosis,
1492 2134 1687 2181 praesertim
1714 2132 1776 2166 sub
1803 2130 2001 2169 metatarsis;
2028 2129 2247 2176 proportione

646 2197 758 2232 solita:
796 2196 825 2235 l,
852 2192 885 2234 2,
916 2191 946 2233 4,
973 2190 994 2225 3
1021 2188 1183 2239 (femora
1210 2197 1318 2226 autem
1349 2193 1377 2234 1,
1405 2193 1437 2234 4,
1461 2193 1495 2234 2,
1517 2193 1550 2234 3,
1578 2192 1682 2240 quarti
1697 2192 1785 2238 paris
1802 2203 1916 2238 parum
1936 2201 2032 2237 quam
2052 2189 2147 2235 primi
2170 2189 2246 2223 bre-

649 2258 771 2301 viora)·‚
790 2254 1015 2301 primiparis
1035 2248 1315 2297 cephalothorace
1343 2251 1412 2299 3¹f2
1443 2252 1622 2299 longiores,
1649 2248 2048 2285 secundthismillimetro
2065 2247 2248 2287 breviores,

647 2319 741 2351 tertii
773 2314 812 2361 ²s3
843 2315 960 2359 quarti
986 2309 1075 2356 paris
1102 2315 1253 2357 aequant,
1282 2311 1336 2358 qui
1364 2324 1430 2345 uno
1460 2311 1643 2345 millimetro
1675 2310 1727 2344 vel
1754 2309 1864 2357 paullo
1881 2309 1956 2356 plus
1971 2307 2143 2342 breviores
2162 2312 2247 2347 sunt,

648 2388 745 2423 quam
771 2370 878 2420 pedes
905 2367 1043 2404 secundi
1070 2369 1168 2415 paris.
1221 2368 1352 2404 Femur
1371 2375 1484 2418 primi
1515 2370 1603 2417 paris
1631 2368 1833 2417 longitudine
1867 2369 1965 2404 tibiae
2000 2380 2075 2402 cum
2115 2365 2245 2400 dimidia

643 2433 793 2482 patella,-
828 2429 913 2464 haec-
941 2426 1145 2474 longitudine
1183 2427 1336 2464 dimidiae
1366 2429 1465 2464 tibiae
1491 2435 1550 2469 est,
1580 2441 1723 2477 superne
1764 2429 1856 2463 lineis
1897 2427 2027 2462 duabus
2064 2426 2245 2473 impressis,

649 2494 756 2533 rectis,
783 2504 800 2525 a
827 2489 898 2524 basi
926 2487 993 2522 sere
1018 2485 1058 2520 ad
1086 2486 1215 2533 apicem
1243 2487 1365 2529 ductis;
1393 2494 1587 2523 metatarsus
1611 2501 1685 2522 cum
1711 2493 1798 2522 tarso
1827 2487 1952 2522 femore
1969 2485 2077 2534 paullo
2102 2485 2246 2532 longior:

639 2554 766 2599 fevmr
790 2553 907 2597 quarti
932 2546 1021 2594 paris
1045 2545 1165 2592 patella
1179 2559 1253 2581 cum
1269 2547 1344 2582 tibia
1372 2561 1488 2595 parum
1512 2548 1655 2589 brevius,
1683 2552 1860 2582 metatarso
1889 2558 1962 2580 cum
1988 2550 2076 2580 tarso
2105 2543 2245 2590 longius.

648 2634 696 2641 —-
723 2610 844 2647 Abdo
859 2624 945 2646 men
972 2619 1052 2646 ante
1070 2618 1220 2661 partum
1243 2620 1407 2656 magnum,
1447 2614 1596 2648 ovatum,
1633 2605 1913 2655 cephalothorace
1947 2603 2108 2639 interdum
2144 2601 2246 2651 duplo
