2435 3188
695 275 779 315 318

640 381 793 430 podetiis
821 382 989 423 formant3
1016 382 1051 418 in
1075 384 1126 418 St.
1157 384 1326 418 ramuloso
1350 381 1500 430 aliisque
1516 386 1597 417 sunt
1623 383 1844 430 podicellata,
1873 382 2106 429 subglobosa,
2135 381 2249 430 pode-

639 441 693 476 tiis
720 440 796 476 fere
825 441 1042 482 concoloria,
1072 441 1252 477 soveolato
1273 439 1520 481 scrobiculata,
1548 440 1641 476 intus
1669 453 1821 477 massam
1847 431 2018 483 albidam,
2047 440 2248 477 subfarino-

639 512 725 541 sain,
753 500 908 549 gonidiis
944 500 1203 547 (concatenatis
1232 499 1252 535 l.
1281 499 1576 547 conglomeratis)
1616 498 1696 534 hinc
1735 500 1818 536 inde
1854 500 2039 541 immixtis,
2081 499 2247 535 celantes.

639 558 744 594 Aliae
772 558 911 594 formae
937 558 981 594 ab
1008 558 1061 594 his
1086 558 1340 606 principalibus
1367 558 1622 606 aliquantulum
1648 558 1891 607 discrepantes
1921 561 2015 607 apud
2056 559 2140 594 alias
2167 570 2249 607 spe-

641 617 714 653 cies
741 618 872 653 adsunt
898 622 932 653 et
962 617 1036 653 suis
1062 617 1151 652 locis
1182 616 1442 652 describentur.

788 708 954 744 Mirabilia
996 708 1120 742 haecce
1159 720 1282 754 organa
1312 721 1328 740 a
1358 707 1575 753 lichenologis
1617 707 1710 741 nimis
1750 706 1900 741 videntur
1928 721 2002 742 esse
2035 708 2246 755 praetervisa.

639 768 728 803 Nam
758 782 955 816 quamquain
985 769 1015 801 in
1040 768 1137 801 variis
1163 767 1343 814 speciebus
1379 766 1554 801 observata
1591 771 1665 799 sunt
1708 767 1870 813 variisque
1910 768 2097 801 nominibus
2122 767 2163 801 ab
2191 780 2248 801 au-

640 828 788 863 ctoribus
815 826 978 874 appellata
1012 827 1074 871 (sic
1103 840 1131 860 v.
1161 839 1188 860 c.
1218 840 1234 859 a
1264 824 1544 859 WALLROTRIO
1584 824 1669 859 dicta
1695 832 1770 859 sunt
1796 826 1946 860 acervulet
1961 825 2091 872 fibrosi
2122 826 2247 871 gelati-

639 891 720 926 nosi,
762 900 778 919 a
820 885 1044 920 SCHAERERO
1074 887 1104 919 in
1132 883 1249 932 Spicil.
1284 883 1461 932 apothecia
1502 882 1657 917 abortiva
1698 883 1785 931 apud
1824 884 1875 918 St.
1908 885 2105 919 cereolinnm
2144 892 2176 920 et
2215 886 2246 919 in

638 945 757 980 Enum.
789 947 857 980 crit.
886 945 1019 978 soredia
1047 944 1135 992 apud
1175 943 1226 978 Sl.
1254 948 1502 983 incrustatum,
1536 944 1577 977 ab
1606 941 1805 977 HOOKERO
1839 945 2041 991 appendices·
2074 943 2160 991 apud
2193 943 2244 978 St.

639 1005 857 1044 ramulosmn,
886 1018 901 1038 a
932 1003 1184 1038 SPRENGELIO
1212 1001 1388 1037 tubercula
1415 1001 1620 1037 abortientla
1644 1002 1733 1049 apud
1763 1002 1813 1037 St.
1840 1002 2081 1052 denudatum),
2110 1003 2151 1037 de
2168 1016 2246 1038 vera

639 1078 754 1099 eorum
781 1071 892 1098 natura
922 1076 1036 1110 parum
1064 1062 1171 1096 adhuc
1193 1068 1331 1096 constat.
1394 1060 1505 1099 Quum
1547 1061 1621 1095 nihil
1650 1074 1711 1108 pro
1742 1068 1833 1095 certo
1863 1062 2042 1096 audeamus
2070 1062 2247 1102 affirmare,

638 1126 692 1159 vix
720 1131 827 1158 tamen
855 1122 1068 1157 crederemus
1096 1135 1157 1156 nos
1184 1134 1294 1155 errare
1329 1121 1552 1160 declarantes,
1585 1121 1758 1168 opiniones
1790 1121 2004 1168 plurimorum
2032 1122 2247 1168 scriptorum,

640 1185 694 1232 qui
721 1183 761 1218 de
789 1183 837 1217 his
865 1183 1064 1216 mentionem
1093 1181 1250 1221 fecerunt,
1277 1193 1313 1215 ea
1341 1193 1416 1215 esse
1444 1179 1617 1227 apothecia
1647 1186 1843 1219 monstrosa,
1871 1193 1944 1214 cum
1972 1186 2084 1214 natura
2116 1180 2247 1213 minime

640 1244 826 1278 convenire.
879 1240 946 1276 Vix
975 1242 1082 1275 omnia
1111 1240 1173 1275 sub
1198 1239 1263 1273 hoc
1283 1241 1414 1274 nomine
1431 1240 1605 1285 conjuncta
1622 1239 1741 1274 eodem
1758 1239 1859 1273 modo
1875 1246 1943 1273 orta
1960 1245 2043 1279 sunt,
2063 1238 2123 1273 sed
2140 1238 2249 1273 donec

640 1308 847 1350 cunipertum
874 1301 1071 1339 habeamus,
1108 1299 1187 1346 quid
1216 1312 1250 1333 re
1277 1312 1352 1333 vera
1382 1300 1460 1339 sint,
1488 1299 1589 1332 satius
1617 1298 1768 1332 duximus
1798 1298 2096 1332 denominationem
2125 1297 2247 1344 cepha-

640 1363 801 1397 lodiorum
838 1363 901 1407 jam
939 1366 1013 1394 ante
1055 1360 1203 1393 usitatam
1246 1371 1396 1398 servare,
1438 1370 1636 1405 quamquam
1665 1371 1693 1390 v.
1719 1370 1746 1391 c.
1774 1357 1962 1404 pulvinulos
1990 1357 2040 1391 St.
2067 1357 2246 1397 denudati,

631 1421 812 1470 paschalis
839 1426 900 1455 etc.
932 1420 1041 1466 potius
1069 1431 1144 1452 cum
1172 1417 1363 1464 glomerulis
1393 1416 1524 1451 Stictcze
1547 1416 1829 1462 glomerulfferae
1854 1423 1887 1451 et
1918 1415 2160 1452 Umbilz'cariae
2178 1431 2247 1466 pu-

638 1481 789 1515 stillatae
813 1477 1035 1514 conferendos
1064 1490 1139 1512 esse
1168 1483 1332 1524 putamus.

789 1637 890 1672 Haud
917 1636 1014 1670 multa
1045 1641 1118 1669 sunt
1145 1647 1267 1681 genera
1297 1641 1360 1667 tam
1387 1633 1449 1667 late
1477 1639 1509 1667 et
1537 1646 1597 1680 per
1624 1634 1779 1679 regiones
1809 1639 1921 1667 natura
1950 1633 2115 1680 coeloque
2160 1633 2244 1667 adeo

639 1698 787 1733 diversas
816 1697 1003 1735 distributa,
1029 1707 1125 1741 quain
1154 1693 1383 1727 Scereocaula.
1438 1691 1493 1726 Ab
1521 1692 1631 1725 ultimo
1661 1693 1745 1726 enim
1775 1693 1992 1739 vegetationis
2019 1694 2172 1734 termino,
2198 1694 2246 1727 in-

640 1758 708 1792 sula
740 1756 889 1791 Melville
918 1755 984 1799 (lat.
1012 1753 1072 1789 75⁰
1096 1754 1185 1798 bor.)
1219 1758 1250 1786 et
1288 1750 1399 1786 »Ross
1436 1750 1535 1785 Iulet«
1562 1751 1592 1796 *)
1635 1752 1732 1785 maris
1772 1752 2053 1798 septentrionalis,
2092 1757 2246 1787 aeternae

639 1818 755 1864 glaciei
784 1815 949 1850 montibus
975 1814 1168 1859 campisque
1200 1813 1290 1851 tecti,
1323 1811 1364 1845 ab
1394 1811 1506 1845 insulis
1532 1810 1851 1858 Spitsbergensibus
1875 1811 1941 1855 (lat.
1972 1811 2032 1846 78⁰
2056 1811 2164 1856 bon),
2191 1812 2246 1846 ubi

638 1864 820 1925 plantarum
851 1876 912 1908 vita
940 1874 1023 1907 inter
1052 1871 1267 1918 paucissimas
1301 1869 1529 1904 hebdomadas
1557 1871 1730 1917 quotannis
1761 1876 1811 1905 est
1844 1871 2107 1916 ciimiiiiscripta,
2139 1883 2245 1917 usque

640 1936 679 1971 ad
716 1934 809 1982 »Cap
838 1932 951 1967 Hora«
989 1932 1056 1975 (lat.
1085 1931 1146 1964 55⁴¹
1173 1929 1234 1963 ὅδ’
1259 1930 1320 1963 41”
1347 1929 1488 1971 mei-itt),
1523 1928 1752 1976 »Kerguelens
1770 1928 1884 1964 Laud«
1923 1936 1954 1964 et
1978 1929 2099 1963 insulas
2119 1927 2244 1976 Camp-

641 1996 812 2031 bellianam
842 1990 1175 2036 Ancklandianasque
1203 1989 1373 2034 regionum
1403 1989 1668 2029 antarcticarum,
1710 1989 1828 2035 plantis
1863 1988 1948 2022 haud
1978 1990 2082 2022 minus
2114 1989 2245 2023 infesta—

640 2068 726 2095 rum,
768 2055 919 2087 inventae
950 2056 1024 2085 sunt
1063 2049 1159 2094 hujus
1190 2049 1322 2094 generis
1363 2049 1495 2094 species
1522 2049 1551 2081 in
1583 2048 1736 2082 omnibus
1778 2054 1935 2082 terrarum
1976 2049 2084 2088 zonis,
2125 2047 2245 2089 calida,

640 2119 839 2162 temperata,
869 2109 992 2157 frigida.
1058 2106 1217 2142 Centrum
1255 2112 1362 2140 tamen
1406 2105 1501 2151 hujus
1542 2108 1673 2153 generis
1708 2106 1845 2147 videtur,
1885 2115 1919 2141 ut
1961 2108 2021 2152 jam
2061 2114 2152 2142 autea
2195 2114 2245 2142 est

639 2173 849 2221 propositum
869 2170 936 2213 ‘*)‚
974 2170 1003 2202 in
1041 2168 1135 2201 terris
1159 2167 1240 2199 intra
1277 2165 1488 2199 solstitiorum
1518 2165 1659 2200 circulos
1690 2166 1872 2211 jacentibus
1900 2179 1976 2201 esse
2003 2166 2244 2213 quaerendum,

639 2233 695 2267 ubi
723 2233 752 2266 in
778 2230 944 2264 montibus
972 2227 1140 2260 altioribus
1165 2225 1305 2258 maxime
1336 2223 1503 2258 abundare
1529 2230 1561 2258 et
1592 2226 1715 2271 optime
1748 2225 1877 2259 evoluta
1913 2225 2055 2260 evadere
2083 2225 2243 2260 videntur.

639 2290 719 2325 Non
751 2296 858 2323 tamen
887 2286 1061 2322 tacendum
1088 2290 1147 2324 est,
1176 2283 1331 2331 plurimas
1358 2283 1470 2317 harum
1499 2283 1680 2330 plantarum
1718 2285 1850 2331 species
1892 2284 1922 2318 in
1950 2297 2032 2318 zona
2061 2291 2242 2331 temperata

640 2350 764 2384 boreali
791 2361 866 2383 esse
893 2350 1052 2385 inventas,
1079 2343 1138 2378 sed
1168 2342 1413 2377 observandum
1431 2355 1565 2389 quoque
1583 2348 1648 2382 est,
1674 2343 1718 2376 ibi
1746 2344 1791 2386 (in
1808 2342 1945 2390 Europa
1963 2350 2061 2390 atque
2085 2343 2241 2377 America

640 2409 780 2449 boreali)
808 2407 866 2440 has
894 2407 1014 2452 stirpes
1042 2403 1223 2450 praecipue.
1254 2401 1363 2436 studio
1392 2402 1583 2435 accuratiori
1612 2401 1712 2435 fuisse
1735 2402 1903 2445 subjectas
1928 2407 2026 2449 atque
2054 2416 2072 2436 e
2098 2403 2241 2449 regioni-

638 2468 702 2500 bus
731 2467 866 2512 tropicis
892 2463 1072 2511 specimina
1099 2462 1150 2496 vel
1178 2474 1346 2509 perpauca
1374 2462 1403 2494 in
1434 2459 1605 2508 Europam
1636 2473 1711 2494 esse
1740 2466 1906 2507 reportata
1935 2462 1986 2495 vel
2016 2467 2183 2509 reportata
2210 2462 2242 2495 in

639 2538 734 2559 unam
769 2525 836 2558 sere
871 2524 1037 2570 speciem,
1069 2521 1120 2555 St.
1151 2521 1376 2560 ramnlosnm,
1411 2526 1504 2554 antea
1542 2519 1712 2553 cumulata.
1773 2517 1885 2557 Quum
1913 2529 2020 2555 autem
2050 2521 2242 2568 peregrina-

742 2626 761 2655 ')
782 2624 872 2649 lloou.
890 2623 923 2648 fil.
942 2622 1012 2647 Flor.
1031 2623 1149 2647 Antarct.
1168 2621 1198 2646 ll.
1217 2631 1241 2655 p.
1262 2621 1320 2646 5⁵28.

744 2676 771 2708 ⁸⁸)
791 2675 839 2702 FR.
858 2674 929 2709 Syst.
950 2674 1010 2699 Orh.
1031 2674 1097 2708 Veg.
1118 2683 1140 2707 p.
1160 2673 1218 2698 248.
