2435 3188
666 249 745 291 132

770 357 949 396 Euophrys
971 360 1111 386 arcuata
1133 358 1210 386 Koch.
1232 358 1284 386 Die
1305 358 1423 387 Aracha.
1446 357 1522 386 XIV.
1545 367 1568 394 p.
1594 360 1638 384 30.
1661 357 1705 394 fig.
1732 360 1815 385 1293.

771 408 874 436 Attus
896 409 1059 436 arcuatus
1085 409 1176 434 Westr.
1198 407 1259 435 Act.
1281 407 1399 435 Gothob.
1426 410 1510 436 1851.
1532 416 1557 444 p.
1583 409 1627 433 56.

1104 479 1253 529 [ATTUS
1280 492 1300 515 a
1307 492 1326 515 r
1335 492 1353 515 c
1362 493 1384 515 u
1393 487 1463 516 atu
1473 492 1490 515 s
1515 479 1715 530 (Clerckj]

754 589 812 625 De
838 588 903 624 hac
930 599 1061 623 aranea
1087 587 1246 623 omniurn
1270 588 1304 623 in
1335 601 1444 624 unum
1473 592 1674 637 congruunt
1702 588 1907 624 sententiae.

1334 783 1354 818 7
1384 782 1487 818 CAP.

1345 843 1380 876 (p.
1407 841 1472 874 127).

761 922 821 962 De
853 920 1102 963 Saltatorum
1136 922 1268 962 Tertio
1304 919 1476 970 Gener-e,
1508 923 1588 961 sive
1622 921 2041 966 CANCRJFORMJBUs.

757 1030 906 1079 Species
925 1030 1020 1065 1—5
1036 1029 1205 1065 Familiae
1237 1029 1513 1066 Thomisidarum
1540 1030 1630 1066 Sun
1640 1031 1672 1066 d.
1699 1031 2047 1081 (Laterigradarum
2073 1033 2203 1082 Latr.)

604 1093 701 1130 sunt3
724 1101 775 1138 sp.
803 1102 891 1126 vero
917 1090 939 1125 6
963 1094 998 1126 et
1025 1090 1046 1126 7
1071 1089 1141 1140 (A.
1174 1104 1285 1126 roseus
1312 1092 1347 1124 et
1373 1090 1562 1140 virescens)
1588 1089 1715 1125 melius
1739 1089 1889 1125 fortasse
1916 1091 2097 1127 Drassidz's
2120 1091 2204 1128 sub—

600 1150 806 1197 junguntur.

828 1224 886 1272 Sp.
922 1227 949 1259 1.
1003 1224 1182 1260 VATIUS
1209 1237 1241 1273 p.
1273 1224 1350 1259 128.
1378 1223 1427 1259 Pl.
1457 1223 1491 1258 6.
1519 1222 1587 1258 tab.
1616 1224 1648 1258 5.

685 1312 746 1346 Syn.
771 1313 903 1340 Aranea
925 1311 1081 1349 calycina
1104 1314 1177 1340 Linn.
1200 1312 1270 1349 Syst.
1294 1312 1358 1340 Nat.
1383 1311 1432 1339 Ed.
1458 1314 1501 1338 10.
1525 1311 1547 1338 I.
1570 1320 1594 1348 p.
1619 1314 1697 1343 620.;
1723 1311 1772 1338 Ed.
1798 1315 1841 1340 12.
1864 1322 1889 1350 p.
1916 1317 1999 1341 1030.

1127 1364 1160 1389 id.
1198 1362 1283 1389 Faun.
1307 1362 1382 1389 Suec.
1408 1360 1454 1388 Ed.
1480 1364 1504 1388 2.
1526 1370 1552 1397 p.
1576 1363 1642 1387 486.

927 1410 1188 1448 quadrilineata
1209 1413 1241 1437 id.
1265 1410 1327 1446 Syst
1349 1410 1413 1437 Nat.
1438 1409 1486 1436 Ed.
1513 1412 1555 1437 12.
1579 1419 1603 1446 p.
1631 1412 1714 1438 1032.

832 1470 845 1484 «
927 1460 1034 1488 citrea
1058 1461 1095 1487 De
1116 1460 1187 1487 Geer.
1211 1460 1294 1487 Mem.
1319 1459 1383 1487 VH.
1406 1469 1429 1496 p.
1454 1462 1520 1487 298.
1544 1458 1583 1486 Pl.
1609 1461 1652 1486 18.
1674 1460 1737 1496 figg.
1766 1463 1888 1488 ¹7—22.

928 1509 1170 1547 seoi-piformis
1193 1510 1270 1536 Fabr.
1294 1509 1357 1536 Eut.
1379 1509 1449 1545 Syst.
1474 1509 1512 1536 II.
1536 1518 1560 1546 p.
1585 1513 1649 1537 420.

765 1557 946 1586 Thomisus
1049 1569 1061 1583 α
1195 1560 1277 1585 Halm.
1301 1558 1376 1586 Mon.
1403 1560 1483 1585 Arari.
1506 1558 1568 1586 fasc.
1594 1562 1618 1586 7.
1641 1559 1695 1587 tab.
1719 1562 1744 1586 3.
1767 1559 1810 1596 fig.
1835 1562 1861 1586 A.

974 1607 1254 1645 quadrilineatus
1275 1610 1307 1635 id.
1330 1607 1393 1635 ibid.
1419 1608 1464 1644 fig.
1488 1610 1509 1635 b.

976 1657 1075 1685 dauci
1272 1660 1305 1684 id.
1328 1657 1379 1684 Die
1402 1657 1519 1685 Arachn.
1543 1658 1564 1685 I.
1587 1667 1612 1695 p.
1638 1661 1681 1685 33.
1704 1658 1747 1694 fig.
1774 1661 1816 1685 27.

975 1707 1105 1734 citreus
1270 1710 1303 1734 id.
1326 1706 1391 1734 ibid.
1414 1717 1438 1744 p.
1464 1710 1508 1734 42.
1532 1707 1576 1744 fig.
1602 1710 1646 1735 3⁸2.

973 1756 1149 1792 pratensis
1273 1760 1305 1783 id.
1327 1756 1391 1784 ibid.
1415 1766 1439 1793 p.
1464 1760 1508 1783 43.
1531 1756 1576 1793 fig.
1601 1759 1646 1784 33.

975 1805 1105 1832 citieus
1127 1806 1207 1833 Simcl.
1231 1806 1292 1833 Act.
1316 1805 1410 1833 Holm.
1437 1808 1520 1833 1832.
1545 1815 1569 1842 p.
1595 1809 1640 1833 32.

1130 1856 1224 1882 Walck.
1246 1855 1300 1882 Ins.
1322 1856 1386 1892 Apt.
1411 1855 1431 1882 I.
1454 1865 1479 1892 p.
1505 1858 1570 1883 526.

974 1903 1153 1940 calycinus
1176 1906 1252 1931 Koch.
1277 1904 1327 1932 Die
1351 1904 1467 1932 Arachn.
1490 1904 1538 1932 IV.
1561 1914 1586 1942 p.
1612 1908 1654 1932 53.
1679 1905 1740 1940 figg.
1769 1907 1936 1933 283—2184.

856 1963 868 1977 u
972 1953 1103 1980 citreus
1128 1954 1218 1980 Westr.
1242 1954 1302 1981 Act.
1326 1953 1446 1981 Gothob.
1471 1957 1555 1981 1851.
1578 1964 1602 1991 p.
1628 1958 1671 1981 50.
2420 1966 2422 1993 ς

1095 2026 1312 2075 [ΤΗοΜ15υ5
1343 2027 1486 2063 vatius
1511 2027 1704 2078 (Clerck.)]

745 2134 894 2183 Species
921 2134 1056 2184 ubique
1083 2136 1241 2185 cognita,
1270 2139 1373 2185 cujus
1400 2137 1603 2179 varietates,
1635 2150 1723 2187 quas
1751 2137 1875 2174 multas
1901 2151 1987 2174 saue
2013 2138 2135 2181 habet,
2165 2145 2200 2176 ut

595 2194 735 2244 species
763 2193 927 2229 diversae
955 2194 1039 2230 olim
1055 2194 1255 2244 descriptae
1280 2202 1377 2238 sunt,
1406 2196 1450 2232 ab
1478 2197 1633 2233 HAnmo
1662 2197 1880 2245 praesertim.
1933 2197 2054 2233 Hodie
2080 2204 2198 2234 autem

594 2266 702 2290 nemo
731 2252 881 2294 dubitat,
914 2253 999 2302 quin
1024 2253 1093 2289 sint
1118 2253 1257 2290 formae
1276 2267 1411 2298 onmes,
1435 2267 1584 2304 quarum
1599 2255 1744 2291 nomina
1774 2255 1809 2291 in
1838 2255 2061 2304 Synonymis
2085 2257 2196 2299 attuli,

594 2312 781 2347 varietates
809 2311 973 2358 ejusdem
994 2313 1129 2361 speciei
1156 2314 1426 2350 existimandae.
1480 2315 1707 2362 Quamquam
1737 2326 1863 2349 omnes
1889 2314 2083 2362 scriptores
2110 2327 2196 2351 suae

595 2370 747 2419 quisque
773 2369 908 2417 speciei
935 2371 999 2406 Ar.
1019 2378 1149 2407 vatium
1178 2372 1349 2408 Clerck.
1379 2376 1476 2408 recte
1495 2371 1741 2418 subjecerunt,
1770 2384 1877 2407 nemo
1894 2371 2112 2408 hocnomen
2136 2374 2197 2409 ad-

595 2427 720 2469 hibuit,
752 2427 852 2476 quod
875 2432 1008 2470 tamen,
1045 2441 1154 2477 quum
1182 2430 1342 2466 omnium
1370 2430 1521 2478 primum
1548 2429 1606 2471 sit,
1639 2430 1864 2466 restituamus
1885 2443 2036 2467 necesse
2055 2437 2118 2468 est.
2149 2455 2195 2460 —

595 2488 657 2522 Ar.
683 2492 838 2533 virginea
868 2485 983 2522 Miill.
1012 2486 1128 2535 (Zool.
1158 2487 1251 2523 Dan.
1280 2488 1406 2523 Prodr.
1434 2501 1467 2536 p.
1500 2487 1597 2535 194.)
1622 2487 1728 2536 hujus
1757 2502 1902 2539 quoque
1929 2490 2080 2527 varietas
2108 2497 2171 2527 est.
