2435 3188
682 232 759 273 12ss

777 338 926 387 Species
957 344 1052 375 certa
1082 342 1118 374 et
1145 337 1300 380 definita,
1329 350 1349 373 a
1373 338 1527 375 Kocmo
1555 337 1650 373 hene
1678 336 1827 386 depicta.
1879 338 1915 372 A
1943 337 2121 373 nonnullis
2149 350 2230 373 cum

629 398 715 445 Lyc.
736 398 940 446 paludicola
967 396 1177 446 (Clerck.)
1208 396 1358 432 confusa
1382 402 1444 440 est,
1473 409 1493 432 a
1519 409 1588 445 qua
1610 395 1713 431 facile
1736 396 1956 445 dignoscitur
1973 409 2129 445 corpore
2143 396 2232 432 mul-

630 460 666 491 to
693 455 833 492 minore
861 456 997 505 (along.
1024 455 1182 491 thoracis
1209 456 1277 506 273
1303 455 1460 492 millim.»
1487 456 1617 502 SUND.)
1643 460 1678 490 et
1704 459 1880 490 structura
1906 455 2056 503 partium
2097 454 2232 504 genita-

630 515 725 551 lium.
779 515 913 552 Bulbus
937 514 1032 551 enim
1058 514 1219 564 genitalis
1244 514 1279 550 in
1302 527 1400 550 mare
1422 514 1528 561 hujus
1555 513 1690 561 speciei
1713 513 1839 549 aculeo
1856 513 2032 563 longiore,
2059 513 2233 554 tenuiore,

632 575 745 624 magis
771 575 920 611 incurvo
958 573 1149 608 instructus
1177 577 1246 615 est⁷
1277 585 1383 621 quam
1411 572 1446 607 in
1471 573 1517 608 L.
1539 573 1750 621 paludicolae.
1804 573 1971 621 Epigyne
1999 573 2138 621 plagam
2166 574 2235 608 sor-

633 638 705 669 mat
728 642 970 673 transversam,
995 644 1087 680 quae
1115 632 1151 667 in
1175 631 1297 667 medio
1327 630 1436 666 costis
1466 630 1607 666 duabus
1633 629 1958 679 longitudinalibus,
1987 626 2095 668 sulcis
2123 630 2238 667 tribus

635 692 787 728 definitis
811 696 961 732 notatur,
989 689 1090 726 sulco
1121 689 1243 725 medio
1274 689 1391 725 minus
1417 688 1610 737 profundo,
1647 699 1774 724 versus
1818 689 1918 725 basin
1956 690 2098 732 latiore;
2135 702 2238 738 prae-

636 754 735 787 terea
760 749 1036 800 impressionem
1066 748 1230 797 utrinque
1257 747 1450 790 lateralem,
1480 750 1672 796 majorem,
1701 747 1986 787 sub-curvatam.
2013 749 2238 784 tuberculum

642 809 806 858 utrinque
833 808 881 845 ad
904 808 1006 844 basin
1031 806 1305 855 amplectentem
1332 806 1449 843 habet.

870 952 929 1000 Sp.
961 951 1014 987 17.
1066 949 1382 986 PLANTARIUS.
1412 962 1445 998 p.
1479 949 1557 985 105.
1581 949 1632 985 Pl.
1659 949 1692 984 5.
1724 948 1792 985 tab.
1824 951 1855 985 8.

791 1037 953 1073 Varietas
972 1042 1107 1073 tantum
1133 1036 1253 1085 Junior
1278 1048 1374 1084 spec.
1403 1034 1622 1083 insequentis
1646 1034 1876 1086 (fimbriam),
1905 1040 1940 1071 ut
1964 1042 2060 1073 recte
2081 1039 2245 1077 viderunt

644 1096 874 1146 arachnologi
913 1095 1082 1132 nonnulli.
1148 1095 1184 1130 A
1210 1094 1366 1131 HAnmo
1395 1099 1430 1130 et
1457 1097 1583 1142 postea
1609 1105 1630 1129 a
1655 1093 1812 1131 WALCK.
1852 1099 1889 1131 ut
1928 1095 2069 1133 diversa
2107 1101 2248 1148 species

647 1154 824 1204 descripta
864 1160 932 1191 est:
975 1155 1058 1191 vide
1093 1166 1172 1202 Sy‘n.
1201 1154 1264 1189 Ar.
1289 1153 1477 1202 fimbriati,
1519 1165 1567 1189 eX
1595 1151 1725 1201 quibus
1752 1155 1883 1190 Dolom.
1914 1161 2069 1204 riparius
2093 1157 2246 1202 Hahn.,

649 1215 694 1249 D.
718 1215 922 1263 plantamus
946 1214 997 1250 id.
1024 1217 1059 1249 et
1076 1214 1123 1248 D.
1133 1214 1339 1262 plmztar‘ius
1363 1212 1529 1248 Walck.
1552 1211 1598 1247 ad
1624 1210 1715 1247 hanc
1736 1212 1941 1249 varietatem
1962 1219 2045 1251 sunt
2058 1216 2247 1255 referendi.

881 1366 940 1416 Sp.
971 1367 1025 1403 18.
1078 1363 1384 1401 FIMBRIATUS.
1408 1377 1440 1412 p.
1470 1365 1549 1401 106.
1576 1365 1627 1401 Pl.
1657 1364 1689 1400 5.
1716 1365 1784 1401 tab.
1813 1366 1845 1400 9.

732 1456 793 1489 Syn.
817 1456 976 1483 Araneus
998 1464 1040 1482 un
1053 1454 1155 1482 datus
1176 1455 1268 1481 Cleo-ck.
1291 1462 1316 1490 p.
1343 1456 1406 1481 100.
1429 1453 1465 1491 pl.
1490 1457 1513 1481 5.
1536 1454 1591 1482 tab.
1617 1457 1640 1482 1.

996 1503 1193 1542 plantarius
1213 1505 1247 1530 id.
1290 1512 1315 1539 p.
1341 1505 1404 1530 105.
1428 1502 1464 1540 pl.
1489 1507 1512 1530 5.
1535 1503 1589 1531 tab.
1613 1507 1638 1531 8.

817 1555 947 1582 Aranea
970 1552 1149 1581 fimbriata
1171 1554 1245 1579 Linn.
1268 1551 1339 1588 Syst.
1363 1552 1427 1579 Nat.
1450 1551 1499 1579 Ed.
1527 1555 1569 1580 10.
1592 1552 1614 1579 I.
1636 1562 1662 1590 p.
1686 1555 1757 1586 (3213
1781 1553 1830 1580 Ed.
1858 1556 1900 1581 12.
1923 1563 1948 1591 p.
1975 1558 2059 1583 1033.

882 1613 896 1628 «
1061 1613 1074 1627 «
1197 1604 1229 1628 icl.
1272 1601 1358 1628 Faun.
1380 1601 1456 1629 Suec.
1478 1600 1528 1628 Ed.
1551 1604 1577 1629 2.
1600 1611 1624 1638 p.
1648 1604 1715 1630 489.

972 1651 1147 1680 virescens
1194 1653 1227 1678 id.
1269 1650 1340 1686 Syst.
1364 1650 1428 1678 Nat.
1451 1650 1502 1678 Ed.
1529 1653 1571 1678 10.
1595 1652 1617 1679 I.
1639 1661 1664 1689 p.
1690 1654 1760 1685 6233
1784 1651 1834 1679 Ed.
1860 1655 1903 1680 12.
1926 1662 1950 1690 p.
1977 1657 2059 1681 1036.

1197 1702 1231 1727 id.
1274 1699 1359 1727 Faun.
1382 1699 1459 1727 Suec.
1481 1699 1532 1727 Ed.
1555 1704 1581 1728 2.
1604 1710 1629 1738 p.
1652 1703 1718 1729 491.

970 1750 1140 1788 paludosa
1183 1750 1220 1776 De
1241 1748 1313 1776 Geor.
1336 1749 1421 1777 Mem.
1443 1749 1507 1777 VII.
1530 1759 1554 1787 p.
1577 1753 1644 1778 278.
1666 1750 1702 1787 pl.
1729 1753 1773 1778 16.
1794 1751 1858 1787 figg.
1883 1753 1988 1778 9—12.

971 1799 1167 1837 marginata
1229 1800 1262 1825 id.
1335 1797 1400 1826 ibid.
1422 1808 1447 1836 p.
1471 1802 1537 1827 281.
1560 1798 1596 1836 pl.
1623 1802 1666 1827 16.
1690 1800 1752 1836 figg.
1779 1802 1903 1828 13—15.

971 1849 1152 1877 fimbriata
1190 1848 1266 1874 Fabr.
1289 1847 1353 1875 Ent.
1376 1847 1446 1885 Syst.
1470 1848 1507 1876 II.
1529 1858 1554 1886 p.
1578 1851 1644 1876 421.

825 1898 1032 1927 Dolomedes
1054 1896 1255 1926 fimbriatus
1278 1897 1360 1924 Hahn.
1386 1897 1436 1925 Die
1458 1897 1574 1926 Arachn.
1597 1898 1619 1926 Ι.
1639 1907 1666 1935 p.
1690 1901 1732 1926 14.
1755 1899 1799 1936 fig.
1825 1902 1869 1926 10.

1048 1947 1217 1976 limbatus
1302 1949 1336 1973 id.
1378 1946 1443 1974 ibid.
1466 1956 1491 1984 p.
1518 1950 1561 1975 15.
1584 1948 1628 1984 fig.
1655 1951 1699 1976 11.

1050 1997 1265 2034 marginatus
1306 1999 1339 2024 id.
1382 1996 1447 2025 ibid.
1470 2006 1496 2034 p.
1522 1999 1565 2024 15.
1586 1997 1631 2034 fig.
1657 2000 1700 2026 12.

1050 2046 1201 2084 riparius
1304 2048 1336 2073 id.
1379 2045 1446 2074 ibid.
1468 2046 1506 2074 II.
1529 2055 1554 2083 p.
1579 2049 1622 2074 59.
1645 2047 1690 2083 fig.
1715 2049 1779 2075 148.

1050 2095 1249 2134 plantarius
1306 2098 1340 2122 id.
1382 2095 1447 2123 ibid.
1469 2105 1494 2132 p.
1520 2099 1564 2123 60.
1586 2096 1631 2132 fig.
1657 2098 1720 2123 149.

1051 2146 1252 2174 fimbriatus
1271 2145 1352 2172 Sund.
1375 2145 1436 2172 Aet.
1461 2144 1554 2172 Holm.
1580 2147 1664 2172 1832.
1686 2155 1711 2182 p.
1736 2147 1800 2173 194.

1278 2196 1372 2222 Walclc.
1395 2194 1450 2221 Ins.
1472 2194 1538 2230 Apt.
1560 2193 1582 2221 Ι.
1605 2203 1631 2231 p.
1655 2197 1719 2222 345.

1052 2244 1250 2282 plantarius
1306 2246 1339 2270 icl.
1402 2242 1467 2270 ibid.
1489 2252 1514 2280 p.
1539 2245 1605 2270 353.

1054 2293 1255 2322 fimbriatus
1277 2294 1354 2321 Koch.
1377 2292 1428 2320 Die
1451 2291 1569 2320 Arachn.
1591 2290 1667 2318 XIV.
1689 2300 1714 2327 p.
1740 2293 1803 2319 116.
1827 2292 1890 2328 figg.
1919 2295 2124 2322 1332—1353„

1278 2344 1370 2370 Weszr.
1393 2342 1455 2369 Act.
1478 2340 1597 2368 Gothob.
1623 2342 1707 2367 1851.
1729 2348 1754 2376 p.
1779 2343 1824 2367 54.

1086 2420 1345 2470 [DOLOMEDES
1368 2418 1625 2455 fimbriatus
1651 2418 1851 2469 (ClerckQJ
