2435 3188
695 261 779 302 316

693 368 755 403 sed
783 368 981 403 dissolvitur.
1040 367 1165 416 Neque
1193 368 1223 402 in
1251 365 1481 415 phyllocladiis
1510 379 1644 414 semper
1668 372 1790 406 manet,
1817 365 1893 406 sed,
1918 365 1978 399 illis
2005 367 2249 407 crescentibus,

694 427 736 462 ad
762 428 856 463 basin
885 441 1000 464 eorum
1030 427 1081 463 vel
1110 428 1267 461 rimosum
1296 425 1404 460 evadit
1429 428 1474 468 (v.
1505 437 1532 459 c.
1561 426 1591 459 in
1621 424 1671 459 St.
1688 425 1886 472 clavicipz'te,
1910 425 2101 472 pilulisero,
2130 439 2248 460 ramn-

692 487 758 521 loso
786 490 864 532 etc.)
890 487 943 521 vel
970 488 1102 521 omnino
1131 486 1299 520 evanescit
1323 487 1373 527 (ut
1397 485 1426 518 in
1455 483 1506 518 St.
1531 489 1660 524 stricto,
1692 483 1835 518 Vulcani
1861 497 1889 519 e.
1918 498 1942 518 s.
1972 487 2039 531 p.)‚
2068 498 2167 532 quum
2191 486 2249 519 ba-

693 547 738 580 sis
763 559 878 581 eorum
909 546 1029 581 eodem
1058 547 1178 593 tegitur
1204 545 1400 578 vestimento
1430 542 1740 590 spongioso-molli,
1778 556 1840 590 qua
1869 543 2002 590 podetia
2033 543 2138 578 velata
2165 550 2248 578 sunt.

694 604 822 652 Apices
865 611 987 639 tantum
1032 604 1097 639 hoc
1145 610 1245 638 strato
1296 615 1429 648 semper
1470 608 1630 648 teguntur.
1680 622 1720 627 —
1771 600 1866 639 Quae
1907 602 1949 637 de
1990 602 2040 637 St.
2082 603 2249 637 ramulosa

693 664 829 711 aliisque
857 665 994 699 exoticis
1023 665 1085 710 jam
1120 663 1259 697 diximus
1296 660 1538 694 evidentissima
1577 666 1667 700 sunt,
1695 667 1727 694 et
1759 673 1955 708 quamquam
1994 674 2034 695 ex
2062 661 2111 696 his
2150 662 2249 709 longe

694 722 816 757 distare
843 723 992 757 videntur
1022 722 1073 756 St.
1103 722 1321 759 denudatum,
1350 733 1476 753 mmmm
1506 720 1643 766 aliaque,
1675 720 1951 765 conjungentibus
1979 721 2030 755 St.
2058 721 2249 761 coralloide,

687 781 864 830 paschali,
900 789 1091 820 tomentoso,
1119 780 1236 827 alpino
1265 793 1292 813 e.
1326 793 1349 813 s.
1380 793 1431 826 p.,
1464 779 1573 812 intimo
1602 784 1708 812 tamen
1741 778 1872 812 vinculo
1901 793 2048 814 connexa
2077 786 2165 821 sunt,
2192 794 2247 815 ne-

695 854 758 889 que
786 853 907 887 negare
935 853 1125 887 possumus,
1153 837 1372 886 phyllocladia
1402 851 1515 872 eorum
1540 837 1659 871 eodem
1686 836 1785 870 inodo
1817 851 1892 872 esse
1921 845 1999 872 orta.
2053 838 2112 873 Sic
2136 853 2185 874 ex.
2201 853 2249 886 gr.

695 901 790 934 etiam
818 899 905 947 apud
935 899 986 933 St.
1016 898 1223 932 denudatmn
1251 896 1344 931 adest
1371 902 1505 931 stratum
1536 896 1713 930 medullare
1741 897 1770 930 in
1800 897 1891 931 brevi
1918 897 1971 931 illo
1999 898 2175 945 podicello,
2198 901 2248 933 cui

695 960 809 994 affixus
837 965 887 993 est
914 957 1026 992 discus
1052 955 1263 1004 phyllocladii
1303 956 1498 1003 applanatus
1526 956 1578 990 vel
1604 955 1712 989 medio
1741 954 1932 1002 depressus.
1960 977 2004 982 -—-
2036 956 2090 992 De
2119 957 2249 1006 phyllo—

695 1018 808 1053 cladiis
837 1024 871 1052 in
899 1016 1042 1065 podetiis
1070 1017 1138 1050 sitis
1166 1028 1252 1049 nunc
1278 1014 1410 1062 quidem
1439 1016 1637 1049 mentionem
1663 1015 1843 1062 praecipue
1871 1015 2017 1056 fecimus,
2048 1016 2107 1051 sed
2132 1016 2249 1051 eadem

695 1079 726 1112 in
750 1077 801 1111 illa
829 1077 879 1111 ad
900 1075 996 1110 basin
1023 1074 1234 1122 podetiorum
1261 1075 1319 1108 sita
1348 1074 1516 1108 transferri
1544 1079 1694 1121 possunt,
1724 1086 1823 1120 quum
1853 1075 1914 1108 situ
1939 1087 1976 1109 ea
1994 1074 2093 1109 modo
2119 1075 2250 1110 differre

695 1149 804 1184 neque
841 1136 920 1170 alius
962 1148 1037 1169 esse
1078 1140 1212 1168 naturae
1246 1134 1422 1181 unicuique
1456 1147 1494 1168 ea
1528 1139 1680 1168 accurate
1715 1133 1898 1180 inspicienti
1934 1133 2027 1168 facile
2054 1140 2172 1181 pateat.
2203 1156 2250 1161 —

695 1194 782 1230 Sunt
808 1196 906 1242 igitur
933 1193 1154 1243 phylloeladia
1182 1193 1312 1234 ramuli,
1344 1193 1398 1240 qui
1426 1194 1521 1241 apice
1549 1192 1663 1227 saltem
1692 1198 1793 1226 strato
1822 1192 2017 1239 gonidiifero
2052 1199 2140 1228 arcte
2180 1193 2251 1228 diu-

695 1268 760 1303 que
791 1260 944 1302 teguntur
974 1254 993 1287 i.
1029 1266 1056 1287 e.
1085 1254 1115 1287 in
1145 1253 1264 1300 quibus
1303 1258 1463 1301 systema,
1508 1251 1599 1299 quod
1630 1251 1759 1292 dicunt,
1792 1252 2012 1298 vegetativum
2048 1253 2252 1300 praepollet,

696 1327 797 1362 quare
827 1315 922 1348 etiam
954 1312 1103 1347 facillime
1131 1311 1327 1359 intelligitur,
1355 1324 1413 1345 cur
1438 1324 1615 1358 numquam
1644 1311 1819 1358 apothecia
1848 1310 2016 1358 proferant
2030 1311 2070 1356 *).

796 1408 1022 1443 APOTHEOEA
1049 1404 1289 1453 (cephalodim
1316 1405 1410 1440 ΑΕΗ.
1438 1403 1562 1444 Meth.;
1602 1410 1770 1452 cymatia:
1798 1404 1974 1444 WALLR.;
2017 1406 2252 1453 receptacula:

646 1467 772 1503 DUBY:
813 1466 1026 1514 receptacula
1050 1467 1203 1512 florum:
1236 1462 1367 1503 MICH.;
1407 1464 1581 1499 scutellae:
1618 1464 1787 1505 HOFFM.,
1815 1463 1953 1504 LEERS‚
1983 1464 2077 1499 ΑΕΗ.
2109 1463 2252 1501 Prodr.:

646 1526 840 1562 tubercula.-
867 1526 1045 1565 SPRENG„
1074 1523 1274 1571 VVHLNBG.)
1314 1521 1474 1570 apicibus
1511 1521 1530 1557 Ι.
1568 1522 1738 1558 lateribus
1764 1522 1993 1570 podetiorum
2022 1527 2103 1558 sunt
2129 1522 2252 1564 affixa,

646 1585 754 1634 vulgo
781 1584 951 1625 solitaria,
988 1583 1081 1618 intus
1112 1582 1244 1622 solida,
1286 1581 1401 1629 primo
1442 1581 1601 1630 margine
1634 1580 1791 1617 thallode
1818 1581 1956 1617 elevato
1985 1581 2063 1629 plus
2091 1581 2253 1617 minusve

648 1657 769 1680 crasso
805 1644 916 1679 cincta
956 1648 1062 1691 atque
1097 1641 1342 1677 subturbinata
1380 1640 1509 1687 (rarius
1545 1640 1732 1688 globosa),
1775 1640 1856 1675 dein
1890 1641 2050 1690 margine
2088 1640 2252 1676 revoluto

647 1703 896 1753 cephaloidea:
920 1702 1039 1737 discus
1066 1701 1181 1749 primo
1205 1699 1488 1740 suburceolatus,
1513 1699 1655 1735 tandem
1682 1712 1871 1735 convexus
1894 1699 2024 1746 (rarius
2052 1699 2255 1748 planiuseu-

647 1764 701 1799 lus
728 1762 913 1812 persistit),
943 1760 1063 1796 fuscus
1098 1760 1118 1795 l.
1148 1759 1354 1794 fusco—ater.
1421 1757 1623 1807 Apothecia
1663 1757 1954 1806 symphycarpea
1987 1771 2059 1793 non
2097 1771 2179 1794 raro
2219 1758 2254 1794 in

648 1821 826 1858 nonnullis
850 1820 1042 1869 speciebus
1070 1819 1322 1859 observantur3
1350 1817 1518 1866 prolifera
1545 1817 1724 1853 rarissime
1751 1817 1801 1863 (in
1825 1819 1874 1853 St.
1893 1818 2097 1868 coralloiclff
2119 1818 2254 1853 inveni-

648 1894 737 1917 mus.
767 1903 812 1908 —
840 1879 1042 1916 Notandum
1071 1890 1217 1927 quoque
1245 1882 1312 1918 est,
1353 1890 1424 1925 quo
1458 1877 1574 1912 minus
1616 1876 1780 1912 evolutus
1819 1877 1862 1912 sit
1901 1876 2042 1918 thallus,
2072 1889 2116 1912 eo
2143 1877 2255 1926 magis

649 1939 834 1989 apothecia
861 1937 1104 1989 magnitudine
1131 1949 1296 1972 erescere
1324 1942 1358 1971 et
1389 1935 1574 1977 ‹lifforinia,
1605 1935 1804 1983 subpeltata
1832 1935 1996 1971 evadere.

794 2035 886 2070 Aser
913 2039 1061 2082 anguste
1088 2031 1107 2066 l.
1135 2029 1418 2071 inflato-clavati,
1447 2030 1621 2078 coryzina
1647 2028 1792 2077 (MAss.;
1833 2030 2063 2078 Sporemack:
2091 2030 2254 2070 Binum,

650 2095 828 2129 Endasco:
856 2091 1000 2139 Noun.)
1028 2089 1203 2131 evidente,
1226 2088 1364 2137 apicem
1392 2101 1465 2124 non
1493 2088 1701 2138 attingente,
1731 2094 1900 2124 contentu
1934 2089 2254 2137 oleoso-grinnoso

649 2152 800 2201 repleta,
834 2164 854 2187 e
882 2163 953 2200 quo
980 2149 1062 2185 dein
1092 2149 1201 2198 vulgo
1235 2149 1266 2190 f),
1304 2148 1417 2183 rarius
1446 2148 1546 2195 δ”),
1578 2160 1709 2195 sporae
1739 2147 1963 2183 fasciculatae
1997 2147 2052 2182 vel
2081 2146 2256 2195 spiraliter

651 2216 836 2248 contortae
865 2209 1054 2250 exsistunt3
1082 2220 1326 2244 PARAPanEs
1354 2220 1458 2243 ascos
1485 2207 1598 2242 dense
1627 2207 1821 2256 cingentes,
1859 2219 1965 2255 parce
1994 2211 2028 2241 ct
2053 2205 2129 2241 basi
2154 2218 2255 2254 prae-

652 2337 718 2361 diale
738 2340 763 2360 et
783 2333 907 2359 corticale
927 2333 982 2358 siue
1002 2333 1075 2357 strati
1096 2332 1245 2357 medullaris
1266 2332 1384 2366 vestigia.
1404 2346 1434 2350 -
1456 2331 1551 2365 Aliquo
1567 2330 1626 2364 jure
1646 2330 1828 2355 tantummodo
1849 2330 1898 2355 dici
1917 2334 2007 2364 potest
2027 2329 2060 2354 de
2073 2329 2255 2363 incipientibus

651 2378 842 2414 phyllocladiis‚
861 2386 938 2411 quum
959 2377 1028 2401 velut
1047 2375 1197 2401 verruculae
1226 2375 1423 2409 semiglobosae
1451 2373 1565 2407 podetiis
1594 2373 1670 2398 affixa
1699 2380 1757 2398 sunt
1779 2379 1805 2398 et
1824 2373 1936 2398 medulla
1955 2372 2096 2406 paullulum
2118 2372 2197 2397 modo
2217 2372 2255 2397 iel

652 2423 756 2447 omnino
776 2430 827 2445 non
849 2426 889 2444 est
910 2420 1021 2444 evoluta.

753 2474 772 2504 ·)
792 2471 925 2504 Quidquid
946 2471 978 2495 de
999 2471 1078 2496 thallo
1100 2470 1314 2496 Stereocaulorum
1333 2477 1414 2503 supra
1433 2468 1553 2494 diximus.
1573 2468 1679 2492 mutatis
1694 2467 1834 2496 mutandis,
1853 2467 1877 2491 in
1900 2466 2032 2491 Cladonias
2052 2476 2156 2501 quoque
2171 2474 2257 2491 trans·-

652 2517 711 2542 ferri
732 2520 834 2550 potest;
852 2514 877 2538 id
898 2513 977 2538 modo
998 2513 1147 2538 addendum
1168 2517 1220 2542 est,
1250 2512 1322 2546 quod
1350 2512 1440 2536 harum
1468 2510 1644 2544 phyllovladia
1663 2518 1858 2543 nonnumquam
1883 2510 2022 2544 apotliecia
2049 2510 2160 2539 minuta,
2186 2509 2255 2534 haud

653 2561 700 2585 rite
720 2558 824 2584 evoluta
844 2556 988 2590 proferunt.
1026 2555 1084 2586 Qua
1103 2556 1179 2580 etiam
1199 2564 1225 2580 re
1245 2555 1376 2580 sententia
1396 2560 1488 2579 nostra
1508 2553 1642 2586 probatur,
1661 2552 1837 2587 pliyllocludia
1856 2561 1917 2577 esse
1941 2552 2012 2577 thalli
2040 2552 2150 2577 sormam
2169 2558 2256 2577 trans-

653 2603 798 2629 formatam,
819 2607 961 2633 eorumque
980 2598 1111 2627 refellitur,
1131 2599 1173 2631 qui
1194 2598 1363 2626 contendunt,
1383 2606 1413 2622 ea
1432 2605 1445 2621 e
1465 2596 1554 2621 stratis
1575 2596 1690 2621 corticali
1710 2601 1735 2621 et
1754 2595 1876 2630 gonidiali
1897 2596 1961 2621 solis
1982 2604 2043 2621 esse
2062 2600 2193 2621 contexta.

754 2662 783 2694 ’‘)
803 2660 949 2693 Numquam
971 2663 1091 2692 quatuor,
1109 2662 1136 2683 ut
1156 2657 1209 2682 Cel.
1228 2657 1390 2687 lzonmzssao,
1410 2656 1486 2682 nobis
1507 2656 1616 2690 contigit
1635 2656 1755 2681 invenire.
