2435 3188
673 258 731 299 94

698 363 832 398 «Alvus
851 382 887 390 -—
912 382 961 390 ---
982 383 1026 390 —-—
1047 370 1148 398 acuto
1167 360 1243 397 albo
1260 367 1416 411 superior
1521 359 1598 397 «Le
1628 367 1743 397 ventre
1783 366 1833 396 est
1872 362 1952 397 orne
1987 360 2029 397 de
2062 358 2175 396 tachos
2203 365 2236 396 et

617 423 802 470 perducta,
830 422 949 457 lineola
978 422 1140 463 sublmen,
1168 421 1321 456 inferiora
1338 435 1414 457 ver·
1443 421 1485 458 de
1509 421 1637 458 bandes
1654 420 1849 468 deeoupees
1869 421 1994 456 brunes
2012 427 2045 456 et
2059 419 2234 460 blanches;

623 494 697 522 sus,
733 483 886 530 utrinque
924 482 1080 529 signatur.
1144 480 1229 514 Tres
1259 481 1413 515 maculae
1443 502 1488 508 —
1506 501 1551 506 ——-
1571 501 1614 506 —-—
1645 488 1720 515 tout
1744 480 1772 514 le
1798 480 1875 526 long
1903 481 1949 515 cla
1979 481 2095 515 (lessus
2121 480 2150 514 ‘il
2165 494 2190 527 y
2211 493 2233 514 a

623 538 845 581 sub-rubrae,
883 539 1121 586 triangulares
1149 539 1238 585 fere
1273 547 1307 574 et
1333 552 1411 573 con-
1447 553 1511 573 mze
1537 539 1636 584 large
1662 537 1770 573 bande
1805 537 1911 573 brune
1947 540 2110 588 deboupe‘e
2139 552 2232 574 com-

625 604 750 641 tz'nuae,
780 605 989 649 superiorem
1017 597 1132 633 album
1154 597 1341 645 planitiem
1368 599 1419 632 ad
1444 609 1497 632 me
1529 597 1571 633 de
1597 597 1759 632 certaines
1786 597 1925 639 seuilles,
1952 612 2035 634 avec
2061 612 2103 634 un
2129 597 2235 646 grand

624 659 872 706 longitudinem
902 663 1037 706 sequaci
1064 656 1181 691 ordine
1207 664 1414 704 occupant.»
1442 657 1582 692 nombre
1617 654 1661 690 de
1700 656 1822 703 petites
1855 656 1969 692 taches
2009 657 2168 692 blanches
2196 670 2236 691 au

624 719 673 766 (p.
706 719 778 766 72.)
1444 715 1562 750 milieu.
1592 735 1637 742 —-
1654 735 1699 741 --
1726 714 1863 763 Clzaque
1885 716 1962 750 cdte'
1982 716 2027 750 du
2054 725 2168 752 ventre
2187 724 2239 751 est

1447 773 1546 810 blanc
1569 779 1602 808 et
1628 775 1765 821 marque
1794 774 1836 809 de
1856 774 2002 822 grandes
2017 775 2132 810 taches
2157 776 2238 810 irre-

1446 834 1591 881 gnlieres
1620 833 1782 868 brunes.»
1812 836 1861 881 (p.
1892 832 1994 881 245.)

702 897 837 930 «Pedes
874 896 1003 930 lucidi»
1033 895 1227 942 (Suethicez
1268 894 1415 929 «blara»
1522 892 1615 927 «Les
1635 899 1756 940 pattes
1785 898 1821 926 et
1858 892 1906 927 les
1933 893 2010 928 bras
2037 898 2112 928 sont
2138 891 2239 926 d'une

628 976 667 987 =
689 954 875 990 albicantes
904 963 937 990 et
965 956 1176 1005 Ῐὶεῖῖηείιίιῗ),
1214 955 1416 1003 «graciles»
1452 952 1589 986 couleur
1618 956 1714 997 grise
1744 964 1789 984 un
1814 964 1887 999 peu
1914 952 2073 987 vercldtre
2098 959 2132 986 et
2156 964 2237 986 sans

627 1017 674 1064 (p.
705 1016 778 1061 71.)
1449 1010 1600 1046 tacbes.»
1628 1011 1677 1058 (p.
1703 1010 1805 1057 245.)

1522 1068 1604 1104 «On
1634 1075 1752 1103 trouve
1786 1069 1834 1104 les
1869 1070 2041 1116 araignees
2072 1068 2115 1104 de
2149 1074 2238 1103 cette

1446 1131 1572 1177 espece
1601 1141 1641 1163 en
1677 1129 1821 1175 quantite
1856 1128 2002 1176 pendant
2041 1133 2112 1162 tout
2148 1127 2239 1167 Pete,

1448 1190 1529 1223 mais
1556 1187 1860 1236 particulierement
1895 1201 1936 1222 au
1962 1188 2047 1222 mois
2074 1187 2116 1222 (le
2144 1185 2238 1234 Sep-

1447 1248 1576 1283 tembre
1603 1260 1666 1282 sur
1692 1247 1737 1281 les
1764 1245 1926 1287 buissons,
1953 1255 1987 1282 et
2011 1254 2149 1282 surtout
2175 1259 2238 1280 sur

1446 1306 1474 1341 le
1499 1307 1583 1347 Pin,
1612 1306 1640 1340 le
1669 1305 1780 1354 Sapln
1811 1315 1845 1342 et
1874 1306 1903 1340 le
1935 1306 2154 1341 Genevrz‘er.»
2183 1305 2239 1352 (p.

1449 1366 1552 1414 245}

782 1507 820 1544 Si
850 1508 927 1558 quis
954 1507 1045 1544 hanc
1073 1505 1353 1555 descriptionem
1383 1507 1449 1542 Ar.
1478 1512 1632 1543 montani
1657 1518 1738 1541 cum
1768 1504 2072 1554 descriptionibus
2088 1505 2153 1541 Ar.
2176 1519 2239 1540 res.

631 1569 830 1605 domesticae
858 1574 893 1604 et
920 1569 983 1603 Ar.
1015 1581 1077 1602 res.
1105 1567 1268 1601 silvestris
1293 1565 1497 1608 contulerit,
1526 1578 1599 1601 non
1626 1565 1766 1614 poterit,
1796 1564 1880 1614 quin
1908 1564 2027 1600 videat
2057 1565 2121 1600 Ar.
2147 1579 2241 1600 mon-

632 1638 752 1665 tanum
779 1647 819 1658 =
846 1629 911 1663 Ar.
939 1642 1001 1662 res.
1030 1628 1246 1661 domesticam
1273 1637 1363 1666 esse,
1392 1637 1465 1660 non
1490 1637 1579 1660 vero
1608 1644 1647 1655 =
1675 1628 1739 1659 Ar.
1768 1639 1830 1660 res.
1857 1624 2052 1666 silvestrem,
2079 1629 2115 1660 ut
2128 1623 2241 1659 voluit

632 1687 790 1724 WALCK.
823 1709 867 1713 —
896 1686 987 1721 Aliis
1022 1697 1169 1735 quoque
1208 1683 1406 1720 rationibus
1441 1688 1645 1719 ceterorum
1674 1689 1780 1732 atque
1806 1695 1924 1719 meam
1953 1683 1998 1719 de
2025 1681 2091 1718 hac
2118 1683 2241 1732 specie

631 1746 842 1783 seutentiam
870 1745 1086 1780 confirmare
1108 1756 1275 1792 possum;
1302 1742 1369 1779 sed
1399 1741 1489 1778 haec
1516 1742 1600 1778 satis
1625 1742 1742 1784 multa,
1768 1742 1826 1778 vel
1848 1742 1949 1791 plura
1970 1742 2097 1791 potius,
2133 1754 2239 1791 quam

633 1817 785 1842 necesse
813 1804 883 1840 fuit.

784 1907 894 1952 Quod
922 1906 967 1941 ad
993 1906 1153 1954 speciem
1179 1905 1438 1954 insequentem,
1467 1907 1530 1941 Ar.
1556 1907 1820 1953 triangularem,
1847 1905 1969 1942 attinet
1988 1907 2108 1953 (cujus
2129 1917 2242 1954 syno-

636 1980 746 2016 nyma
776 1966 858 2004 vide
884 1966 998 2014 infra),
1035 1964 1162 2001 eadem
1191 1964 1332 2013 species
1359 1977 1450 2005 esse,
1487 1970 1593 2014 atque
1623 1967 1688 2000 Ar.
1719 1980 1780 2000 res.
1810 1966 1974 2000 silvestris
2000 1964 2064 2000 De
2092 1965 2241 2006 Geer.‚

636 2027 711 2062 fere
737 2026 781 2062 ab
807 2025 975 2061 omnibus
987 2024 1177 2072 judicatur.
1204 2023 1554 2060 &VALCKENAEmUM
1577 2024 1607 2060 si
1631 2023 1832 2072 exceperis,
1861 2025 1922 2073 qui
1947 2037 2029 2060 eum
2047 2024 2244 2073 Lz'wyplziae

635 2093 856 2134 marginatae
888 2083 1049 2119 Wider.
1078 2082 1270 2130 subjungit.
1325 2082 1583 2131 Descriptio
1611 2084 1674 2119 Ar.
1704 2084 1938 2130 triangularis
1980 2083 2079 2131 (vide
2119 2087 2242 2130 supra)

635 2145 765 2182 nullam
792 2157 913 2180 ansam
937 2143 982 2178 ad
1008 2142 1098 2178 hanc
1123 2142 1333 2178 sententiam
1362 2141 1608 2191 accipiendam
1641 2142 1800 2191 praebet.
1864 2143 1966 2187 Quae
1995 2141 2040 2177 de
2068 2140 2243 2176 abdomine

636 2210 669 2241 et
697 2204 902 2240 mandibulis
919 2202 1002 2238 dicit
1030 2202 1241 2238 (‘LERCK1US
1269 2200 1396 2237 melius
1424 2201 1459 2237 in
1481 2203 1545 2236 Ar.
1575 2216 1636 2237 res.
1668 2203 1739 2238 silv.
1770 2213 1875 2250 quam
1900 2201 1936 2236 in
1963 2201 2043 2236 Lin.
2062 2206 2242 2247 margina-

636 2274 707 2300 tam.
735 2263 875 2299 cadunt.
947 2262 1247 2311 C'eplmlotlzoracis
1286 2259 1477 2308 descriptio
1514 2259 1661 2296 brevior
1688 2260 1799 2296 multo
1829 2264 1864 2295 et
1891 2258 2137 2307 imperfectior
2170 2263 2240 2301 est,

638 2335 744 2371 quam
771 2326 808 2358 ut
834 2321 967 2370 aliquid
992 2320 1080 2356 lucis
1108 2321 1160 2356 rei
1186 2320 1315 2356 afferre
1346 2318 1472 2368 possit:
1501 2318 1599 2367 quod
1626 2324 1743 2354 autem
1767 2317 1849 2354 nihil
1877 2317 2024 2353 omnino
2052 2318 2097 2353 de
2121 2318 2242 2368 singu—

637 2381 701 2416 lari
727 2380 784 2417 illa
814 2385 848 2415 et
877 2381 992 2428 figura
1022 2384 1057 2415 et
1084 2379 1208 2415 colore
1236 2378 1379 2419 dicitur,
1422 2376 1552 2425 quibus
1585 2377 1731 2426 insignis
1765 2382 1818 2412 est
1850 2376 2134 2425 cephalothorax
2159 2378 2240 2413 Lin.

638 2446 867 2486 marginatae,
896 2438 931 2473 id
959 2438 1074 2486 ipsum
1090 2437 1248 2472 indicare
1264 2436 1414 2476 videtur,
1443 2436 1665 2472 CLERCKIUM
1692 2435 1782 2471 hanc
1807 2436 1965 2485 speciem
1991 2451 2055 2472 non
2083 2435 2243 2484 descrip-

637 2498 737 2535 sisse.
791 2499 908 2533 Maris
933 2496 1079 2545 figura
1107 2497 1170 2530 Ar.
1201 2511 1264 2530 res.
1293 2496 1476 2530 silvestrem
1514 2506 1587 2529 non
1622 2494 1732 2530 dubie
1773 2500 2033 2543 repraesentat:
2075 2494 2243 2544 cephalo-

638 2558 822 2594 thoracem
849 2556 941 2592 enim
968 2560 1175 2596 testaceum,
1204 2553 1297 2589 linea
1325 2552 1442 2588 media
1471 2557 1506 2588 et
1531 2552 1701 2589 lateribus
1732 2554 1841 2603 nigris
1870 2553 1986 2590 habet.
2042 2554 2115 2590 Sed
2130 2555 2243 2602 semi-

639 2633 702 2653 mze
732 2617 882 2666 figuram
910 2616 988 2650 Lin.
1019 2620 1255 2661 marginatam
1282 2611 1465 2661 effingere,
1492 2611 1569 2647 sine
1597 2613 1661 2648 ulla
1694 2613 1915 2649 dubitatione
1942 2612 2240 2649 confirmaverim.
