2435 3188
731 274 815 317 264

832 382 1055 419 LOISELEUR
1099 384 1129 418 in
1178 382 1315 418 »Nocice
1355 396 1417 417 sur
1463 382 1508 416 les
1546 382 1687 430 plantes
1725 384 1748 417 ὰ
1783 387 1916 430 ajouter
1959 384 1981 418 ὰ
2022 382 2056 417 la
2099 381 2202 417 Flore
2238 383 2277 418 de

680 442 837 477 France«
867 448 899 477 et
926 444 956 477 in
988 442 1117 476 »Flora
1142 442 1291 487 gallica«
1323 455 1418 475 unam
1447 453 1558 475 earum
1584 442 1788 488 specierum,
1823 455 1904 490 quas
1938 442 2040 477 attulit
2066 439 2278 482 Vaillzmtius,

681 502 873 535 nominavit:
904 501 1131 535 »Fumarium
1147 498 1227 534 lobis
1242 498 1448 545 longioribus
1475 507 1508 534 et
1527 498 1785 544 angustioribus
1803 506 1971 548 sparsis«,
2000 502 2051 535 cui
2078 499 2202 534 addidit
2217 513 2278 534 no-

681 573 755 594 men
786 560 978 594 Fumariae
1012 560 1204 599 Vaillamiz‘,
1246 564 1279 592 et
1318 571 1437 592 novam
1479 557 1655 605 descripsit
1694 560 1840 606 speciem
1876 559 2082 594 Fumarium
2120 559 2276 593 mediam.

681 617 778 653 Haec
805 618 978 653 anarz'a
1003 620 1085 653 inter
1119 631 1178 652 eos
1206 615 1408 658 Botanicos‚
1445 618 1499 664 qui
1534 617 1564 650 in
1599 629 1722 663 genere
1759 618 1998 664 perscrutando
2034 618 2155 652 versati
2189 623 2279 659 sunt,

682 678 926 712 controversias
963 677 1124 711 excitavit.
1187 673 1378 709 LAGASCA
1415 676 1446 709 in
1490 674 1660 710 »Elencho
1702 675 1883 722 plantarum
1923 676 2008 711 horti
2047 676 2270 711 Matritensis«

682 735 764 771 duas
791 750 901 771 earum
929 738 1126 784 specierum,
1155 747 1239 781 quae
1269 735 1332 780 jam
1360 739 1434 769 ante
1461 732 1644 768 Linnaeum
1673 733 1823 769 detectae
1854 741 1955 776 erant,
1981 735 2091 770 denuo
2126 734 2277 782 descrip-

682 796 737 829 sit:
765 793 928 829 Vaillantii
965 794 1189 828 »Fumarium
1217 791 1297 827 [obis
1313 797 1528 833 tenuissimis,
1543 790 1696 839 floribus
1720 793 1825 828 alatis
1844 798 1978 841 parvis,
2007 806 2103 841 quam
2131 793 2279 841 appella-

681 855 726 888 vit
752 855 882 889 nomine
907 853 1098 888 Fumariae
1121 851 1335 887 micrantleae
1359 852 1461 899 (quae
1489 852 1621 898 species
1648 852 1711 897 jam
1737 850 1869 886 duobus
1896 851 2013 887 abhinc
2030 854 2120 888 annis
2144 866 2161 887 a
2190 851 2279 888 Can-

682 913 792 948 dolleo
821 914 851 947 in
886 911 1074 957 »Catalogo
1099 911 1191 946 horti
1210 911 1487 958 fllowspeliensis«
1517 910 1649 944 nomine
1677 909 1716 943 F
1714 915 1869 944 amariae
1895 911 2096 957 densgflorae
2113 911 2279 959 descripta

682 976 767 1020 erat)
795 978 828 1007 et
852 970 1014 1019 Rlagnolii
1048 970 1274 1004 »Fumat-iam
1303 973 1462 1015 majorem
1488 967 1642 1015 floribus
1680 969 1785 1004 dilate
1814 974 2042 1018 purpureis«,
2076 971 2127 1004 cui
2159 984 2280 1006 nomen

683 1031 721 1065 F
719 1035 873 1065 amariae
896 1035 1064 1075 agrariae
1094 1028 1228 1063 addidit.

833 1122 871 1158 Si
889 1123 1097 1157 Fumarium
1116 1119 1361 1168 corymbosam,
1392 1132 1408 1153 a
1437 1118 1681 1154 Desfontaenio
1697 1119 1906 1168 descriptam,
1933 1122 2117 1168 exceperis,
2144 1134 2185 1156 eo
2202 1126 2283 1156 tem-

684 1197 783 1231 pore,
812 1196 877 1230 quo
906 1183 1010 1230 prima
1040 1195 1118 1229 pars
1151 1179 1379 1215 CANDOLLEI
1412 1179 1617 1213 »Prodromi
1645 1179 1852 1226 Systematis
1881 1184 1979 1225 regni
2008 1178 2221 1225 vegetabilis«
2252 1181 2284 1215 in

685 1243 790 1277 lucem
819 1241 948 1289 prodiit,
976 1254 1040 1275 non
1068 1240 1179 1288 plures
1211 1240 1344 1287 species
1372 1239 1505 1285 generis
1533 1237 1733 1279 anarme,
1764 1251 1860 1286 quam
1889 1251 1973 1286 quae
2000 1244 2073 1274 ante
2100 1237 2285 1275 Linnaeum

685 1301 872 1348 descriptae
905 1313 1032 1347 eaeque
1070 1312 1146 1340 sex,
1187 1299 1341 1346 cognitae
1380 1303 1480 1332 erant.
1550 1295 1589 1331 Si
1623 1297 1695 1344 quis
1730 1309 1801 1331 eam
1834 1297 1878 1332 ob
1905 1310 2054 1331 caussam
2083 1298 2286 1334 contendere

685 1360 784 1395 vellet
798 1359 942 1394 studium
958 1358 1054 1404 liujus
1070 1359 1201 1405 generis
1230 1358 1382 1403 jacuisse,
1410 1356 1475 1390 hoc
1503 1356 1689 1403 speciosius
1720 1369 1817 1403 quam
1843 1356 1952 1390 verius
1980 1355 2155 1391 diceretur.
2195 1356 2285 1392 Nam

684 1421 758 1467 ipso
798 1418 863 1453 hoc
902 1424 1052 1464 tempore
1093 1423 1124 1451 et
1163 1417 1256 1464 plura
1295 1429 1434 1463 genera,
1475 1428 1559 1462 quae
1593 1428 1609 1449 a
1643 1413 1792 1449 Linnaeo
1831 1420 1864 1448 et
1906 1417 1978 1461 ejus
2017 1416 2286 1451 antecessoribus

684 1480 714 1512 in
756 1491 855 1512 unum
896 1482 1066 1523 congesta,
1102 1489 1254 1523 quaeque
1290 1476 1373 1509 inter
1413 1488 1450 1509 se
1490 1474 1618 1508 diversa
1660 1479 1766 1514 erant,
1807 1472 1967 1519 disjuncta
2012 1480 2100 1516 sunt,
2138 1480 2170 1510 et
2202 1488 2288 1510 nunc

686 1537 818 1572 demum
857 1537 989 1583 species
1028 1536 1119 1582 ipsae
1160 1535 1275 1569 melius
1314 1535 1476 1581 cognitae.
1542 1532 1578 1567 In
1616 1532 1680 1566 hoc
1719 1545 1823 1580 opere
1863 1532 2036 1567 Candollei
2083 1535 2178 1568 etiam
2225 1533 2286 1569 hae

686 1609 802 1630 omnes
830 1595 961 1642 species
984 1595 1200 1635 inveniuntur,
1229 1593 1269 1627 ad
1298 1606 1379 1640 quas
1404 1592 1533 1627 accedit
1560 1591 1734 1625 Fumaria
1761 1590 1941 1627 turbinata
1968 1591 2089 1634 Smith,
2123 1605 2208 1640 quae
2241 1599 2288 1627 ta-

686 1668 759 1689 men
788 1654 828 1688 ad
857 1666 962 1701 genus
991 1653 1181 1687 anariae
1221 1665 1284 1686 non
1313 1653 1478 1699 pertinere
1518 1650 1656 1685 videtur.
1722 1649 1967 1686 PARLATORE
2006 1652 2036 1686 in
2080 1652 2290 1698 »Illonogra-

678 1713 767 1761 plaia
800 1718 935 1758 generis
969 1712 1193 1752 anariae«,
1223 1724 1319 1758 quain
1359 1710 1460 1745 edidit
1493 1723 1576 1744 anno
1616 1709 1726 1751 1842,
1767 1709 1884 1745 decem
1927 1711 2059 1758 species
2097 1710 2290 1746 anariae

687 1772 787 1813 affert,
816 1784 952 1818 quarum
977 1777 1043 1804 tres
1071 1783 1177 1804 novae
1207 1776 1292 1804 sunt.
1347 1768 1422 1804 Hae
1446 1775 1521 1803 sunt
1546 1768 1720 1803 Fumaria
1745 1769 1980 1817 macrosepala
2001 1767 2130 1811 Boiss.,
2157 1770 2289 1805 Fuma-

688 1836 741 1865 ria
770 1843 997 1877 macrocatpa
1022 1828 1144 1863 Parlat.
1173 1835 1206 1863 et
1234 1829 1408 1863 anarI'a
1438 1829 1570 1862 Petterz‘
1597 1826 1740 1862 Reichb.

837 1920 906 1956 Per
931 1919 1192 1968 quattuordecim
1221 1932 1333 1959 annos,
1360 1919 1415 1965 qui
1443 1918 1483 1952 ab
1511 1917 1577 1951 hoc
1594 1922 1745 1963 tempore
1762 1914 1996 1963 praeterlapsi,
2021 1928 2127 1962 genus
2154 1915 2286 1951 Fuma-

688 1986 760 2015 riae
787 1980 927 2015 assiduis
966 1978 1284 2027 perscrutationibus
1321 1977 1507 2023 subjectum
1547 1976 1612 2011 fuit,
1685 1973 1837 2021 Inprimis
1862 1972 2046 2009 BOISSIER
2073 1979 2105 2008 et
2130 1973 2288 2010 JORDAN

688 2039 804 2074 multas
845 2052 949 2073 novas
982 2038 1114 2085 species
1149 2036 1358 2076 detexerunt,
1389 2048 1588 2085 quamquam
1615 2035 1699 2070 inter
1724 2033 1782 2069 has
1810 2033 1930 2068 multae
1967 2039 2158 2072 occurrunt,
2186 2046 2288 2081 quae,

688 2111 763 2134 nuni
793 2099 924 2146 species
951 2098 1023 2138 sint,
1050 2096 1184 2132 dubium
1214 2108 1289 2131 esse
1317 2094 1452 2129 videtur.

836 2265 954 2300 Genus
979 2264 1231 2299 Famariarum
1258 2266 1406 2295 centrum
1426 2273 1520 2295 suum
1550 2258 1650 2293 habet
1676 2260 1707 2293 in
1735 2260 1846 2301 terris,
1874 2260 1959 2294 circa
1979 2258 2078 2295 Mare
2097 2258 2287 2294 mediterra-

689 2337 786 2359 neum
814 2325 898 2365 sitis,
934 2324 991 2358 ubi
1025 2335 1141 2357 omnes
1169 2321 1300 2368 species
1327 2320 1542 2359 inveniuntur,
1571 2330 1707 2365 quarum
1747 2318 1828 2353 aliae
1867 2318 1945 2353 alias
1984 2318 2097 2353 harum
2129 2324 2286 2353 terrarum

690 2389 800 2430 partes
825 2383 986 2423 incolunt·,
1012 2383 1054 2416 ita
1082 2380 1246 2415 Graeciae
1278 2379 1411 2426 propria
1447 2377 1575 2411 videtur
1607 2388 1683 2410 esse.
1715 2376 1888 2412 Fumaria
1914 2377 2138 2417 Heldreiclzii;
2178 2376 2287 2412 Grae·

689 2443 776 2482 ciae,
812 2440 998 2475 Dalmatiae
1029 2446 1061 2474 et
1087 2438 1236 2473 Banatus
1265 2437 1448 2472 communis
1475 2442 1526 2470 est
1552 2436 1725 2471 Fumaria
1754 2436 1902 2472 Petteri:
1932 2435 2113 2479 Graeciae,
2144 2435 2286 2471 Palesti-

689 2513 760 2540 nae,
785 2497 904 2547 Syriae
932 2505 1030 2545 atque
1059 2497 1147 2531 haud
1173 2497 1242 2531 scio
1268 2509 1307 2530 an
1335 2494 1438 2529 Asiae
1464 2495 1597 2528 minoris
1630 2507 1823 2529 communes
1855 2494 2030 2529 Fumaria
2061 2507 2288 2542 macrocarpa

690 2564 723 2593 et
750 2558 923 2594 Famarz'a
957 2555 1111 2595 Kralz'ki;
1147 2553 1351 2595 Palaestina,
1388 2551 1485 2601 Syria
1521 2557 1554 2586 et
1586 2550 1766 2600 Aegyptus
1793 2553 1854 2587 sihi
1878 2552 2045 2588 vindicant
2079 2554 2286 2589 Fumarium

691 2617 973 2652 alexandrinam:
1002 2612 1203 2666 Abyssiniae
1231 2612 1365 2661 propria
1392 2610 1522 2647 videtur
1549 2609 1723 2649 Fumaria
1749 2609 1965 2659 abyssin‘icas
1997 2618 2119 2648 tantum
2142 2613 2173 2647 in
2198 2611 2286 2648 Ber-
