2435 3188
1651 255 1732 296 239

185 361 316 397 demum
342 361 544 397 suscesccns.
600 359 737 396 Variant
765 364 935 406 praeterea
961 359 1057 394 culmi
1087 359 1189 393 erecti
1217 359 1267 394 vel
1293 360 1563 407 subgeniculatim
1580 361 1785 398 adscenden-

185 427 243 462 tes,
269 420 346 455 nodi
373 420 477 468 glabri
511 420 563 455 vel
581 419 663 461 hirti,
695 419 769 454 solia
795 418 957 465 elongata,
985 418 1127 453 culmum
1163 423 1266 452 totum
1295 419 1438 465 tegentia
1465 419 1517 453 vel
1544 420 1656 455 brevia
1682 421 1787 468 plana,

184 480 224 514 ad
250 480 341 514 basin
369 479 580 514 fasciculatim
597 483 766 526 congesta,
792 477 942 525 panicula
967 490 1037 512 rara
1066 482 1099 512 et
1122 477 1299 512 terminalis
1323 491 1354 512 v.
1381 478 1786 526 elongato—ramosa‚bra-

183 545 329 574 ctearum
357 545 390 573 et
416 538 615 586 spicularum
644 536 774 571 demum
802 535 1036 571 indumentum.

331 622 522 671 Specimina
555 635 658 670 pauca
683 634 723 655 ex
750 619 909 655 Mam-itio
935 627 967 655 et
996 619 1087 655 India
1110 620 1257 655 orientali
1287 619 1426 668 (Wight
1455 621 1561 671 1793)
1590 624 1786 658 examinavi-

181 697 263 724 mus,
292 682 333 717 de
361 683 482 730 quibus
510 688 615 716 utrum
641 679 681 714 ad
710 680 793 714 hanc
819 681 966 727 speciem
996 679 1192 722 reserantur,
1218 693 1323 715 necne
1354 680 1503 723 (forsitan
1532 682 1647 717 melius
1674 682 1715 716 ad
1744 682 1785 716 A.

178 740 412 791 punctatum)
439 743 581 776 incertus
595 753 676 774 sum.
729 737 894 774 Bracteae
922 745 954 773 et
979 739 1126 786 spiculae
1154 739 1397 775 involucrantes
1412 742 1542 788 punctis
1558 743 1634 776 atris
1651 746 1683 775 et
1698 747 1786 775 setu-

182 802 219 836 lis
243 801 455 848 asperrimae,
480 799 541 836 sed
567 799 710 835 fasciculi
736 805 769 834 et
793 799 911 833 aristae
941 798 1040 832 multo
1070 799 1224 834 minores.

331 884 381 920 Cl.
409 884 591 920 BOISSIER
616 885 647 919 in
675 882 841 931 Diagnos.
860 883 902 931 pl.
922 885 1036 918 orient.
1053 897 1128 919 nov.
1144 883 1222 919 fasc.
1242 883 1295 918 13.
1310 882 1479 919 Neocomi
1506 884 1599 920 1854
1616 898 1648 932 p.
1668 884 1723 925 71,
1740 884 1784 919 7²2

182 943 263 979 duas
291 946 423 992 species
450 944 635 992 proposuit,
663 943 705 978 de
730 943 860 991 quibus,
889 943 1126 990 speciminibus
1162 943 1258 978 nullis
1285 956 1301 977 a
1330 956 1383 978 me
1412 945 1507 986 visis,
1536 945 1681 979 incertus
1713 957 1785 978 sum

182 1009 287 1037 utrum
304 1003 343 1037 ad
361 1003 466 1038 Anth.
493 1003 645 1038 ciliatam
671 1002 723 1038 vel
738 1002 781 1038 A.
794 1002 959 1048 glaucam
973 1003 1167 1050 pertineant,
1193 1016 1231 1037 an
1262 1008 1295 1037 ut
1321 1004 1477 1051 propriae
1507 1003 1681 1039 habendae
1709 1004 1785 1038 sint:

329 1090 386 1122 «1.
441 1089 484 1123 A.
509 1087 765 1136 brachymztlca:
793 1087 958 1122 fasciculis
985 1087 1186 1135 spicularum
1214 1088 1311 1123 4-5
1333 1089 1632 1129 subterminalibus,
1657 1088 1784 1136 glome-

177 1147 323 1182 rulorum
356 1149 369 1181 1
399 1149 450 1183 vel
479 1148 501 1182 2
532 1161 551 1183 e
578 1147 713 1195 spiculis
736 1146 1014 1194 hermaphroditis
1053 1147 1286 1195 masculisque,
1323 1150 1462 1184 caeteris
1490 1161 1508 1183 e
1534 1149 1669 1196 spiculis
1704 1161 1784 1183 neu-

177 1207 234 1241 tris
247 1207 292 1253 (Ρ)
320 1208 448 1241 muticis
475 1212 593 1241 tantum
615 1206 858 1247 constantibus;
887 1206 1023 1253 spiculis
1051 1206 1222 1241 sessilibus
1252 1208 1323 1242 basi
1349 1208 1482 1255 glabris,
1522 1220 1666 1256 superne
1706 1208 1784 1242 setis

177 1266 340 1300 nonnullis
366 1279 384 1301 e
409 1266 589 1301 tuberculis
617 1266 753 1307 obsitis;
780 1265 865 1300 foliis
891 1278 991 1300 secus
1021 1266 1157 1312 vaginas
1185 1266 1237 1301 vel
1268 1266 1310 1301 ad
1337 1268 1430 1303 basin
1456 1267 1545 1302 limbi
1568 1267 1708 1315 sparsim
1731 1279 1783 1302 se-

178 1326 217 1360 tis
242 1325 349 1373 longis
374 1338 392 1360 e
419 1325 592 1360 tuberculo
620 1326 700 1360 ortis
726 1325 873 1372 margine
901 1330 933 1360 et
957 1324 999 1359 ad
1026 1338 1148 1360 nervos
1175 1326 1340 1361 scabris.»

328 1409 470 1446 Ceterae
507 1415 605 1445 notae
644 1409 877 1458 descriptionis
917 1410 1037 1445 eodem
1077 1410 1178 1445 modo
1211 1411 1252 1445 ab
1280 1413 1327 1452 iis,
1356 1412 1476 1460 quibus
1504 1410 1709 1458 dignoscitur
1735 1410 1780 1445 A.

176 1470 304 1510 ciliata,
331 1483 396 1505 non
425 1469 591 1505 diversae!

324 1555 382 1589 «2.
435 1554 478 1590 A.
505 1559 660 1602 syriaca:
694 1553 857 1589 fasciculis
882 1553 980 1588 2—5
1014 1555 1044 1588 in
1082 1555 1179 1590 culmi
1207 1562 1301 1603 parte
1340 1555 1503 1603 superiori
1534 1554 1651 1603 spatha
1678 1567 1779 1602 marg.

176 1615 277 1649 ciliata
306 1614 453 1655 suffultis,
480 1612 671 1661 glomerulis
695 1614 847 1648 omnibus
872 1627 890 1648 e
919 1613 1054 1662 spiculis
1070 1615 1192 1649 neutris
1219 1628 1248 1649 v.
1275 1615 1429 1650 masculis
1456 1621 1489 1650 et
1515 1614 1673 1650 fertilibus
1690 1626 1782 1649 com-

177 1674 309 1721 positis;
337 1673 472 1721 spiculis
504 1674 626 1707 neutris
650 1685 794 1720 superne
810 1674 888 1708 setis
913 1674 1116 1720 parcissimis
1142 1674 1273 1708 obsitis:
1300 1674 1384 1709 soliis
1408 1675 1560 1722 utrinque
1584 1673 1780 1709 scabridis.»

324 1758 380 1793 Ab
408 1759 451 1793 A.
477 1758 606 1804 glauca
634 1757 764 1793 differre
793 1758 924 1793 dicitur:
958 1758 1067 1793 culmo
1098 1759 1252 1806 angulato
1287 1759 1366 1807 (nec
1399 1761 1628 1807 compresso),
1661 1759 1778 1807 glumis

177 1818 373 1864 spicularum
399 1824 503 1852 neutr.
532 1824 665 1865 praeter
692 1818 763 1852 cilia
799 1817 953 1852 nonnulla
988 1818 1213 1865 glaberrimis,
1252 1819 1327 1866 pilis
1365 1818 1519 1867 pedicelli
1556 1819 1776 1854 brevioribus.

176 1875 232 1910 Ab
258 1876 361 1911 ΑηῖΙι.
382 1885 559 1925 punctam
587 1878 712 1924 spathis
740 1883 772 1911 et
801 1877 937 1924 spiculis
965 1877 1153 1925 subglabris
1188 1878 1328 1913 diversa.
1360 1899 1403 1904 —
1432 1877 1583 1926 Utraque
1611 1880 1641 1912 in
1672 1877 1778 1925 Syria

176 1935 306 1970 habitat.

326 2001 472 2037 Tertiam
503 2002 646 2037 distinxit
669 2000 775 2036 BUSE
803 2000 958 2047 (Plantae
984 2001 1175 2051 Junghuhn.
1205 2002 1304 2037 Fasc.
1333 2001 1391 2037 III.
1417 2017 1449 2050 p.
1472 2001 1577 2048 363):
1605 2001 1673 2037 «A.
1701 1999 1778 2035 snb-

173 2059 315 2105 glabra:
347 2061 508 2096 fasciculis
533 2062 730 2109 spicularum
760 2062 880 2109 parvis,
909 2062 1099 2108 partialibus
1125 2062 1366 2097 remotiusculis
1393 2061 1581 2110 patentibus
1601 2063 1632 2096 in
1648 2073 1775 2096 summo

176 2120 282 2154 culmo
299 2121 424 2167 positis,
450 2121 627 2155 involucris
655 2121 788 2167 glabris«,
814 2126 868 2154 aut
893 2121 973 2155 raris
998 2123 1144 2156 verrucis
1164 2122 1290 2162 obsitis,
1317 2121 1436 2168 glumis
1454 2120 1653 2168 spicularum
1677 2121 1776 2154 verti-

176 2179 350 2214 cillatarum
378 2179 510 2226 glabris,
539 2181 654 2221 ovatis,
681 2180 818 2219 crassis-2
847 2180 955 2214 culmo
983 2193 1191 2229 compressm
1219 2180 1347 2228 glabro.

323 2254 410 2291 Hah.
441 2254 615 2291 Sumatrae
644 2257 831 2304 graminosa
860 2262 959 2291 vasta.

323 2330 488 2378 Superest
518 2332 637 2380 aliquid
677 2332 783 2373 dubii,
820 2345 902 2368 anne
937 2333 977 2367 sit
1003 2332 1234 2380 praecedentis
1262 2338 1408 2367 extrema
1436 2332 1588 2374 variatim
1623 2334 1774 2368 transitus

180 2401 258 2423 vero
286 2389 549 2426 desiderantur.»
578 2413 623 2418 —-
650 2390 807 2427 Forsitan
835 2391 875 2426 ad
903 2390 1004 2427 Anth.
1033 2391 1247 2427 scandentem
1275 2392 1434 2440 pertinet!

325 2489 357 2523 6.
411 2491 455 2525 A.
487 2490 759 2529 ARGENTEA
791 2492 886 2529 Nees
923 2492 968 2528 ab
1000 2492 1134 2529 Esenb.
1174 2492 1410 2542 (Gramineae
1448 2491 1526 2528 Afr.
1557 2491 1775 2529 australioris

181 2556 212 2591 p.
230 2546 328 2592 127):
356 2547 473 2584 culmo
488 2561 640 2592 ramum,
667 2554 927 2598 procumbente
953 2564 985 2588 v.
1014 2551 1258 2588 adscendente
1270 2551 1409 2594 villoso,
1436 2550 1541 2587 nodis
1558 2550 1670 2587 dense
1694 2550 1775 2587 bar—

183 2602 288 2644 batis;
315 2603 407 2641 foliis
432 2607 640 2656 vaginisque
654 2610 1008 2657 argenteo-sericeis;
1035 2610 1198 2658 panicula
1216 2610 1421 2659 simpliciter
1443 2622 1648 2652 racemosa;
1672 2608 1776 2645 fasci·
