2435 3188
692 272 775 312 296

639 379 745 428 petala
785 379 892 412 omnia
923 392 1027 427 saepe
1057 384 1147 414 arcte
1192 377 1413 413 cohaerentia.
1477 378 1606 426 Sepala
1641 377 1886 419 alludo-rosea,
1929 383 2042 419 ovata,
2077 378 2148 413 basi
2176 378 2256 413 sub-

641 437 787 478 cordata,
814 443 919 478 acuta,
946 439 1160 473 circumcirca
1188 443 1304 484 argute
1332 437 1540 477 denticulata,
1567 442 1679 484 quarta
1703 444 1796 484 parte
1817 437 1962 471 corollae
1979 436 2091 484 paullo
2107 438 2256 485 longiora

641 499 782 544 ejusque
811 497 892 531 tubo
929 498 1118 544 angustiora
1147 496 1329 544 (pedicello
1362 496 1509 540 latiora),
1551 497 1581 529 in
1609 495 1781 543 pedicellis
1818 496 1993 530 fructiferis
2022 509 2124 543 saepe
2150 497 2258 543 persi-

641 557 767 592 stentia.
823 556 981 591 Petalum
1008 561 1168 604 saperius
1193 569 1266 589 cum
1295 555 1413 589 calcari
1438 555 1550 602 longo,
1579 555 1745 589 subovato
1774 554 1874 589 dilute
1906 568 2129 602 purpureum,
2159 555 2256 602 apice

641 617 798 650 obtusum
825 622 857 650 et
885 629 1030 663 superne
1057 616 1162 662 gibbo
1186 613 1278 648 viridi
1305 615 1508 653 instructum,
1538 627 1636 661 quem
1669 614 1803 660 cingunt
1834 615 1998 661 margines
2027 614 2090 655 lati,
2120 615 2259 662 patenti-

641 675 770 716 ressexi‚
811 688 975 709 summum
1014 675 1143 722 apicem
1179 674 1393 719 attingentes,
1429 673 1556 707 intense
1590 674 1758 720 purpurei.
1812 672 1976 707 Petalum
2006 673 2157 718 iuferius
2191 672 2259 708 sere

641 735 777 776 lineare,
805 735 1000 773 cannatum,
1043 733 1137 779 apice
1176 732 1440 766 obtusiusculum
1481 738 1513 766 et
1552 731 1677 766 inl'erne
1701 732 1805 778 gibbo
1835 731 1928 766 viridi
1956 732 2166 773 instructum,
2204 732 2258 779 qui

642 795 783 841 cingitur
812 793 1014 840 marginibus
1044 792 1125 832 latis,
1153 791 1355 838 patentibus,
1383 803 1547 825 summum
1577 791 1707 837 apicem
1733 791 1979 838 attingentibus,
2007 790 2108 825 dilute
2133 805 2260 839 purpu-

642 855 715 889 reis.
771 852 896 886 Petala
923 856 1088 885 interiora
1118 850 1218 885 dilute
1242 850 1294 884 vel
1322 850 1398 884 albo
1419 863 1533 891 rosea,
1562 851 1657 897 apice
1685 856 1927 898 atropurpm·ea
1958 856 1991 884 et
2017 850 2259 897 longitudinali-

642 920 692 948 ter
716 912 904 959 tri-plicata,
931 924 947 944 a
977 909 1086 944 medio
1115 909 1155 943 ad
1172 911 1301 957 apicem
1319 923 1448 944 sursum
1465 915 1609 950 curvata,
1636 909 1754 956 petalis
1782 911 1902 944 ceteris
1925 909 2091 944 breviora.
2145 909 2261 944 Fruc-

643 981 698 1008 tus
729 970 948 1020 (Fatum-iae
974 973 1142 1015 agrariae
1173 969 1274 1003 multo
1303 970 1425 1014 minor)
1465 968 1708 1009 subrotundus‚
1742 968 2005 1009 obtusiusculus‚
2032 975 2262 1010 mucronatus,

643 1029 983 1079 compressiusculus,
1011 1028 1193 1068 cai-inatus,
1221 1027 1646 1075 tuberculato-rugulosus,
1674 1029 1768 1075 apice
1803 1028 2042 1070 bifoveolatus,
2068 1029 2139 1063 basi
2166 1028 2261 1075 pedi-

644 1091 728 1126 cello
755 1091 936 1124 incrassato
966 1087 1077 1134 paullo
1105 1088 1283 1134 angustior.

794 1173 872 1207 Icon
897 1180 929 1206 el
955 1173 1138 1219 (lescrIplio
1166 1172 1217 1206 acl
1241 1171 1455 1219 exemplaricz
1486 1177 1561 1206 rim
1586 1176 1621 1205 2⁸71
1654 1170 1740 1206 hort.
1770 1170 1833 1206 bot.
1868 1171 2062 1207 Hazcniemzss
2086 1172 2189 1206 culta.

801 1257 887 1292 Obs.
942 1255 1039 1292 Haec
1067 1258 1201 1304 species
1229 1258 1377 1304 proxima
1408 1263 1458 1291 est
1485 1257 1678 1291 Fumariae
1705 1262 1874 1302 agrariae
1901 1255 1967 1292 v'ar.
1992 1262 2126 1304 majori,
2154 1270 2169 1291 a
2200 1270 2262 1305 qua

645 1319 751 1353 differt
790 1318 883 1352 caule
922 1318 1027 1364 magis
1072 1315 1178 1363 rigido
1220 1323 1251 1350 et
1290 1322 1420 1357 erecto,
1463 1315 1598 1350 floribus
1640 1317 1822 1351 minoribus
1864 1330 2002 1364 prorsus
2043 1317 2144 1351 dilute
2182 1330 2260 1364 pur-

647 1379 775 1426 pureis,
803 1376 940 1424 sepalis,
970 1376 1113 1411 bracteis
1144 1376 1369 1415 brevioribus,
1396 1375 1566 1409 latioribus
1594 1381 1627 1410 et
1652 1376 1833 1422 praecipue
1868 1376 2043 1416 fructibus,
2070 1377 2124 1423 qui
2159 1375 2260 1409 multo

646 1444 721 1473 sunt
749 1437 903 1477 minores,
932 1435 1094 1469 laeviores
1123 1441 1164 1475 et,
1194 1436 1291 1469 etiam
1323 1434 1364 1468 ad
1395 1435 1612 1468 maturitatem
1641 1435 1803 1482 provecti,
1831 1435 1963 1482 apiculo
1993 1435 2149 1470 instructi.

1106 1578 1177 1618 19.
1242 1580 1431 1619 Famaria
1464 1582 1655 1634 rapestris
1686 1579 1818 1619 Boiss.

797 1683 836 1719 F.
867 1681 1041 1718 fructibus
1075 1680 1440 1717 ovato-subrotundis
1482 1680 1710 1716 acutiusculis
1753 1680 1865 1716 (leuse
1903 1679 2135 1715 tuberculatis
2162 1679 2265 1715 valde

649 1743 868 1791 compressis
896 1746 930 1777 et
957 1740 1136 1782 carinatis,
1175 1740 1307 1789 sepalis
1347 1747 1498 1790 anguste
1540 1739 1928 1775 obovato-lanceolatis
1964 1744 2089 1788 argute
2115 1738 2266 1774 dentatis

649 1802 858 1838 acuminatis
888 1800 1074 1836 dimidium
1101 1799 1261 1834 corollae
1288 1799 1413 1835 tubum
1441 1798 1665 1848 longitudine
1699 1797 1936 1847 aequantibus
1970 1797 2076 1847 eique
2110 1797 2265 1847 aequila·

649 1862 701 1903 tis,
732 1860 886 1897 bracteis
915 1858 1094 1908 pedicello
1134 1858 1317 1894 fructifero
1351 1864 1473 1893 erecto
1509 1858 1567 1894 vel
1604 1858 1795 1907 subpatulo
1824 1856 2071 1906 aequantibus,
2099 1856 2266 1892 foliorum

648 1921 784 1958 laciniis
811 1919 978 1969 oblongis
1003 1917 1242 1955 acutiusculiS.

650 2013 824 2048 Famaria
851 2017 1020 2060 rupestris
1046 2010 1161 2045 Boiss.
1191 2011 1325 2057 Pugill.
1344 2012 1397 2059 pl.
1425 2026 1494 2046 nov.
1524 2013 1613 2047 1852.
1635 2026 1674 2060 p.
1703 2016 1720 2046 4
1747 2026 1789 2046 ex
1811 2011 1952 2059 exempl.
1977 2015 2012 2045 in
2039 2008 2129 2045 herb.
2153 2010 2265 2045 Fries.

650 2103 686 2145 β.
728 2105 829 2144 lamz,
875 2102 1037 2138 caulibus
1080 2102 1272 2152 elongatis,
1312 2102 1657 2145 subscandentilms,
1707 2103 1800 2138 foliis
1840 2101 2083 2142 tenuioribus,
2133 2100 2268 2136 laciniis

729 2161 1013 2209 angustioribus,
1067 2162 1305 2198 acutioribus:
1362 2161 1516 2198 bracteis
1569 2161 1795 2212 longioribus
1843 2160 2038 2210 (pedicello
2084 2158 2267 2194 fructifero

727 2221 847 2270 paullo
893 2220 1156 2270 brevioribus),
1205 2220 1381 2256 fructibus
1427 2221 1666 2263 acutioribus,
1716 2221 1833 2256 minus
1879 2227 1982 2256 acute
2028 2218 2268 2254 tuberculatis.

725 2280 840 2316 Boiss.
871 2279 890 2315 l.
919 2292 947 2315 e.

653 2368 741 2402 [coa.
772 2364 888 2400 Nostr.
919 2364 1007 2400 Tab.
1033 2365 1094 2400 VI.

656 2450 805 2485 Habitat
833 2449 867 2484 in
894 2449 1031 2484 fissuris
1055 2449 1243 2497 foveisque
1279 2462 1453 2485 saxorum
1488 2449 1683 2498 ingentium
1713 2462 1733 2484 e
1762 2448 1960 2485 declivibus
1985 2446 2269 2496 septentrionali-

731 2508 798 2543 bus
824 2507 976 2542 Atlantis
1007 2507 1237 2555 (lelapsorum
1264 2510 1366 2555 juxta
1385 2513 1419 2543 et
1441 2520 1537 2555 pone
1564 2508 1689 2543 urbem
1718 2507 1911 2543 Tlemesen
1939 2508 2075 2557 (Boiss.
2092 2517 2125 2543 et
2140 2508 2269 2542 Reater

730 2567 820 2615 Apr.
852 2566 974 2615 4849j:
1006 2579 1077 2601 var.
1106 2565 1143 2607 β.
1168 2566 1202 2601 in
1230 2566 1377 2614 sepibus
1404 2565 1558 2602 humidis
1596 2579 1710 2616 prope
1741 2566 1871 2602 Ronda
1906 2567 2101 2615 Hispaniae
2135 2572 2270 2601 austra-

733 2625 774 2667 lis
801 2626 958 2675 (Reuter
984 2626 1089 2660 szio
1116 2626 1228 2675 1849).
