2435 3188
564 282 783 321 AGARDH
812 281 907 329 (Car.
937 279 1151 328 Adosphus),
1175 278 1212 314 S.
1241 277 1362 314 Theol.
1391 278 1544 320 Doctor,
1564 278 1781 314 Dioeceseos
1806 278 2085 314 Carolstadiensis
2109 278 2174 314 Or-

665 343 846 389 dinumque
874 339 1060 387 Regiorum
1094 338 1310 386 Episcopus,
1345 337 1434 385 Reg.
1464 337 1548 372 Ord.
1578 337 1620 373 de
1647 336 1752 373 Stella
1786 336 1900 372 Polari
1936 351 2011 372 cum
2045 337 2177 385 grandi-

664 402 712 435 ori
747 399 867 434 Crucis
895 400 1011 445 insigni
1057 410 1120 431 nec
1165 410 1230 430 non
1261 395 1348 443 Reg.
1379 395 1463 430 Ord.
1493 395 1693 443 Danebrog.
1736 394 2016 437 Commendator,
2046 395 2179 430 Acade-

665 460 748 493 miae
777 456 953 492 Svecanae
982 455 1246 490 Octodecimvir.

566 514 860 553 STJERNELD
891 513 1008 561 (Gust.
1032 513 1109 548 Nic.
1140 512 1316 560 Algernon
1340 511 1441 559 Ati),
1469 510 1544 546 Lib.
1571 510 1680 553 Baro,
1712 525 1729 546 e
1759 511 1871 558 Regni
1899 511 2106 546 proceribus
2144 524 2181 545 u-

665 589 746 616 nus,
774 573 903 608 'Rerum
933 579 1141 607 externarum
1170 585 1196 605 a.
1221 571 1252 605 h.
1276 569 1434 605 Minister
1458 569 1574 605 Status
1600 569 1998 618 supremus,Regi0rum
2017 569 2182 604 ordinum

665 632 784 680 Eques
811 639 843 667 et
869 631 1150 671 Connnendator,
1175 629 1264 676 Reg.
1294 628 1378 663 Ord.
1408 629 1449 663 de
1480 628 1518 664 S.
1549 627 1660 663 Olavo
1689 642 1763 664 cum
1792 629 1959 677 grandiori
1988 628 2108 663 Crucis
2133 629 2181 662 in—

667 692 751 738 signi
775 704 838 725 nec
867 703 931 724 non
959 688 1048 736 Reg.
1078 688 1162 722 Ord.
1195 687 1406 735 Elephantini
1433 686 1552 735 Eques
1580 694 1642 722 cet.

566 748 767 787 SPARRE
796 747 987 793 (Gustavus
1014 746 1232 794 Adolphus),
1262 746 1407 787 Comes,
1436 759 1454 781 e
1483 745 1595 793 Regni
1625 745 1833 781 Proceribus
1861 758 1962 786 nnus,
1994 744 2059 780 Rei
2086 743 2182 779 Judi-

668 810 786 843 ciariae
814 821 840 840 a.
870 807 897 840 h.
925 805 1083 840 Minister
1111 804 1227 839 Status
1259 818 1453 852 supremus,
1480 803 1667 852 Regiorum
1697 803 1861 839 Ordinum
1886 803 2004 852 Eques
2030 810 2062 838 et
2079 802 2183 838 Com—

666 866 859 905 memlator,
902 863 989 911 Reg.
1034 862 1118 897 Ord.
1155 864 1196 899 de
1237 863 1273 897 S.
1304 862 1416 898 Olavo
1453 876 1526 897 cum
1570 863 1737 911 grandiori
1777 862 1896 898 Crucis
1926 864 2043 910 insigni
2079 861 2182 897 Corn-

667 925 850 959 mendator.

569 981 793 1019 BESKOW
822 980 1025 1027 (Bernhard.
1057 982 1155 1028 von),
1180 979 1256 1014 Lib.
1286 978 1396 1021 Bam,
1436 979 1564 1014 Philos.
1594 978 1747 1021 Doctor,
1778 979 1907 1028 Regiae
1937 979 2045 1015 Aulae
2071 978 2183 1015 Mare-

672 1041 814 1081 chamus,
856 1038 1063 1074 Academiae
1105 1039 1282 1074 Svecanae
1325 1037 1581 1073 Octodecimvir
1614 1044 1647 1073 et
1674 1038 1901 1079 Secretarius,
1932 1038 2044 1086 Regg.
2076 1038 2184 1074 Ordd.

669 1100 711 1134 de
736 1098 841 1133 Stella
869 1098 983 1133 Polari
1024 1112 1098 1133 cum
1138 1097 1306 1145 grandiori
1337 1087 1466 1131 ¹Crucis
1492 1098 1610 1145 insigni
1645 1111 1708 1132 nec
1748 1112 1815 1132 non
1848 1096 2048 1146 Danebrog.
2080 1097 2184 1133 Com-

668 1158 858 1198 mendator,
885 1156 1049 1205 Legionis
1079 1156 1228 1191 Honoris
1258 1155 1386 1204 Eques.

568 1215 921 1254 REUTERDAHL
949 1215 1169 1262 (Heni-icus),
1198 1214 1235 1249 S.
1264 1214 1385 1249 Theoi.
1414 1213 1565 1254 Doctor,
1604 1228 1631 1248 a.
1659 1214 1688 1248 h.
1716 1214 1934 1250 Consiliarius
1963 1214 2096 1257 Status,
2119 1214 2185 1250 Ar-

670 1276 910 1322 cliiepiscopus
949 1280 982 1309 ct
1010 1274 1216 1309 Academiae
1246 1273 1456 1321 Upsaliensis
1484 1272 1790 1315 Procancellarius‚
1817 1274 2023 1309 Academiae
2057 1272 2187 1308 Sveca-

669 1348 731 1369 nae
764 1332 1036 1373 Octodecimvir,
1064 1331 1154 1380 Reg.
1184 1332 1268 1367 Ord.
1292 1332 1334 1366 de
1362 1331 1467 1367 Stella
1494 1331 1608 1367 Polari
1637 1346 1711 1367 cum
1736 1333 1904 1380 grandiori
1934 1332 2053 1368 Crucis
2069 1333 2187 1379 insigni

671 1392 944 1427 Commendator.

570 1441 977 1487 MANDERSTROM
1004 1448 1250 1495 (Ludovicus)‚
1276 1448 1352 1484 Lib.
1385 1448 1496 1491 Baro,
1525 1448 1653 1484 Rerum
1688 1455 1897 1484 externarum
1929 1449 2085 1485 Minister
2111 1448 2187 1484 Sta-

669 1517 721 1545 tus
749 1523 945 1556 supremus,
982 1508 1187 1543 Academiae
1218 1507 1395 1543 Svecanae
1430 1507 1700 1550 Octodecimvir,
1728 1507 1917 1556 Regiorum
1948 1507 2113 1543 Ordinum
2141 1507 2189 1542 E-

670 1581 754 1616 ques
796 1577 828 1602 et
865 1566 1149 1608 Commendator,
1191 1565 1304 1614 Regg.
1333 1566 1441 1601 Ordd.
1469 1567 1511 1602 de
1539 1565 1576 1601 S.
1607 1565 1735 1608 Olavo‚
1763 1567 1805 1602 de
1833 1566 2051 1614 Danebrog,
2080 1567 2121 1602 tle
2152 1565 2188 1602 S.

670 1627 848 1661 Salvatore
880 1639 954 1660 cum
982 1626 1150 1673 grandiori
1184 1625 1305 1660 Crucis
1335 1627 1453 1673 insigni
1488 1624 1754 1660 Commendator
1783 1632 1845 1661 cet.

571 1684 808 1721 KRAEMER
833 1683 1024 1729 (Robertus
1053 1683 1261 1719 Fredericus
1289 1688 1388 1731 von),
1427 1683 1503 1719 Lib.
1538 1682 1648 1726 Baro,
1678 1684 1896 1720 Gubernator
1931 1683 2190 1732 Ululandiarumq

670 1743 751 1791 Reg
790 1742 874 1777 Ord.
900 1743 942 1778 de
973 1742 1079 1777 Stella
1106 1742 1219 1777 Polari
1244 1756 1319 1777 cum
1347 1741 1519 1790 grandiori
1548 1741 1669 1779 Crucis
1695 1746 1813 1791 insigni
1839 1757 1902 1778 nec
1929 1757 1996 1778 non
2016 1742 2100 1777 Ord.
2119 1742 2191 1777 En-

672 1802 798 1836 siferor.
828 1801 957 1848 Eques.

573 1858 854 1895 HANSTEEN
884 1859 1131 1907 (Christoph.)‚
1161 1858 1400 1894 Astronomiae
1428 1858 1612 1895 Professor
1641 1859 1926 1902 Christianiensis,
1953 1859 2065 1908 Regg.
2084 1859 2191 1895 Ordsl,

672 1919 714 1953 de
743 1917 848 1953 Stella
873 1917 987 1952 Polari
1017 1923 1050 1952 et
1077 1917 1118 1952 de
1151 1916 1188 1952 S.
1219 1918 1330 1953 Olavo
1365 1932 1440 1953 cum
1465 1919 1634 1966 grandiori
1664 1918 1784 1954 Crucis
1811 1920 1928 1966 insigni
1964 1933 2027 1954 nec
2060 1932 2125 1954 non
2150 1919 2192 1954 de

673 1976 873 2024 Danebrog.
903 1975 1183 2017 Commendator‚
1212 1975 1375 2024 Legionis
1405 1976 1555 2013 Honoris
1583 1977 1711 2026 Eques.

571 2034 778 2070 PLATEN
806 2034 959 2081 (Baltzar
987 2037 1088 2082 von),
1130 2034 1279 2077 Comes,
1319 2035 1360 2070 ad
1387 2034 1510 2070 Aulam
1552 2035 1639 2084 Reg.
1667 2035 1892 2072 Britannicam
1917 2036 2083 2085 Legatus,
2110 2050 2137 2071 a.
2162 2036 2192 2071 h.

676 2093 894 2128 Consiliarius
923 2093 1056 2136 Status,
1083 2093 1172 2141 Reg.
1203 2093 1287 2128 Ord.
1315 2093 1357 2129 de
1385 2093 1496 2130 Wasa
1518 2108 1593 2130 cum
1617 2095 1784 2143 grandiori
1807 2094 1927 2131 Crucis
1947 2096 2066 2143 insigni
2088 2094 2194 2130 Com·

675 2152 856 2187 mendator.

576 2209 745 2245 ANJOU
773 2210 992 2257 (Laurentius
1020 2209 1220 2258 Antonius),
1251 2208 1288 2245 S.
1318 2208 1440 2245 Theoi.
1471 2209 1621 2253 Doctor,
1647 2225 1674 2245 a.
1702 2211 1730 2246 h.
1751 2211 1969 2247 Consiliarius
1996 2210 2192 2254 Status,E-

674 2271 837 2318 piscopus
866 2268 1082 2304 Dioeceseos
1111 2268 1348 2318 Wisbyensis‚
1375 2268 1466 2317 Reg.
1493 2268 1576 2304 Ord.
1593 2270 1635 2305 de
1659 2269 1764 2305 Stella
1789 2269 1902 2305 Polari
1921 2269 2192 2306 Commendator.

1115 2384 1331 2417 Blembra
1370 2385 1653 2419 Ordinem-ia.

576 2485 834 2523 BREDMAN
879 2486 1100 2534 (Johannes),
1129 2487 1368 2524 Astronomiae
1407 2487 1591 2525 Professor
1631 2488 1843 2538 Upsaliensis
1871 2490 2043 2532 emeritus,
2076 2488 2195 2538 Eques

678 2545 768 2594 Reg.
798 2545 882 2581 Ord.
913 2546 955 2581 de
984 2545 1089 2581 Stella
1114 2545 1240 2582 Polari.
