2435 3188
704 271 787 312 28ss

650 385 800 426 patentes
825 379 877 414 vel
903 386 1055 427 patentes
1083 379 1134 413 vel
1162 378 1367 413 subrecurvi.
1422 379 1593 414 Bructeae
1621 379 1765 420 albidae,
1794 392 1897 413 nervo
1935 379 2026 414 viridi
2064 382 2257 421 instructae,

650 438 831 485 oblongae,
867 439 1088 479 acuminatae,
1127 436 1298 485 pedicellis
1332 438 1505 472 fructiferis
1546 439 1725 473 breviores.
1788 438 1908 473 Floras·
1937 440 2121 484 majusculi,
2158 439 2258 474 dilute

652 498 754 538 rosei,
794 498 889 544 apice
928 498 1151 532 obscuriores.
1207 496 1335 543 Sepala
1363 496 1471 531 albida
1501 497 1553 531 vel
1595 498 1806 533 albo-rosea.
1835 511 1937 532 nervo
1967 498 2058 532 viridi
2087 499 2258 537 instructa,

650 556 783 591 late—vel
818 557 864 602 (in
893 560 930 600 οι)
965 555 1305 595 subrotundo-ovata‚
1340 561 1433 589 acuta
1473 556 1524 589 vel
1566 556 1711 591 breviter
1752 558 1947 597 acuminata,
1989 557 2062 604 plus
2110 558 2259 591 minusve

650 615 795 657 dentata,
826 614 948 649 corolla
976 615 1072 662 triplo
1100 615 1252 649 breviora
1287 613 1429 661 ejusque
1457 615 1570 648 tubum
1603 616 1770 650 latitudine
1802 618 1988 663 superantia
2017 616 2069 651 vel
2097 617 2125 651 ei
2154 616 2259 650 latitu-

651 673 726 709 dine
754 673 911 721 aequalia.
967 674 1130 709 Pelalum
1157 678 1315 721 superius
1343 686 1417 706 cum
1444 674 1572 709 calcare
1601 675 1960 709 subovam-orbiculari
1989 675 2087 710 dilute
2115 688 2260 714 roseum,

652 733 746 780 apice
772 739 902 767 acutum
930 739 962 767 et
988 746 1132 780 superne
1160 733 1264 779 gibbo
1292 732 1384 765 viridi
1414 733 1618 772 instructum,
1647 737 1701 781 qui
1731 736 1894 781 margines
1920 733 2073 774 reflexos,
2096 746 2258 768 summum

651 793 779 839 apicem
808 806 872 826 non
900 794 1112 839 attingentes,
1151 804 1355 839 purpureos,
1396 790 1503 826 habet.
1566 792 1730 828 Petalmn
1764 794 1914 839 irffierius
1946 800 2084 840 anguste
2122 793 2259 833 lineare,

651 851 908 892 canaliculatum‚
938 851 1177 891 albo—roseum,
1205 851 1300 898 apice
1327 857 1457 884 acutum
1484 857 1516 885 et
1543 852 1668 887 inl'erne
1696 853 1799 901 gibbo
1825 852 1918 887 viridi
1944 854 2144 892 instructum,
2165 853 2259 898 cujus

652 911 815 957 margines
853 911 1091 957 angustissimi,
1130 910 1246 951 erecti,
1284 911 1388 951 rosei,
1421 924 1583 945 summum
1622 913 1750 959 apicem
1793 926 1856 946 uon
1898 913 2065 958 attingunt.
2131 911 2260 946 Patala

651 975 816 1005 interiora
843 970 1045 1010 albo-rosea,
1073 970 1167 1017 apice
1196 975 1439 1016 atropurpurea
1467 976 1499 1004 et
1526 970 1805 1018 longitudinaliter
1833 971 2019 1018 tri-plicata,
2046 984 2162 1018 parum
2185 983 2259 1004 cur-

651 1036 734 1064 vata.
789 1029 943 1063 Fructus
974 1027 1201 1063 subrotundus
1216 1027 1267 1062 vel
1294 1028 1650 1070 ovato-subrotundus,
1679 1031 1828 1070 obtusus,
1854 1030 1955 1064 laevis
1971 1030 2023 1064 vel
2042 1029 2116 1077 plus
2137 1030 2260 1063 minus-

652 1102 693 1123 ve
722 1088 909 1135 rugulosus,
937 1088 1032 1135 apice
1062 1087 1291 1122 bisoveolatus.

801 1185 878 1218 [con
917 1192 948 1218 ec
987 1185 1170 1232 descriptio
1206 1185 1389 1219 secundam
1431 1185 1645 1234 exemplaria
1678 1191 1767 1227 viva,
1800 1191 1833 1220 in
1867 1186 1953 1222 hort.
1982 1186 2045 1222 bot.
2082 1187 2261 1221 Lundensi

654 1243 756 1278 culta.

804 1315 890 1350 Obs.
919 1315 941 1350 l.
995 1315 1049 1350 Re
1093 1316 1279 1363 diligentius
1322 1316 1528 1351 considerata
1571 1323 1603 1350 et
1641 1317 1749 1351 studio
1790 1318 1929 1365 plurium
1971 1330 2128 1351 annorum
2169 1316 2261 1364 plan-

653 1382 756 1409 tarum
784 1375 941 1410 cultarum
970 1375 1115 1409 adhibito
1134 1389 1329 1423 persuasum
1346 1376 1420 1409 mihi
1437 1376 1556 1417 habeo,
1582 1383 1648 1411 tres
1677 1376 1814 1417 formas,
1846 1389 1927 1424 quas
1958 1377 2069 1423 plures
2098 1376 2261 1411 recentio-

655 1448 706 1469 res
746 1435 998 1481 investigatores
1039 1434 1188 1470 diversas
1229 1436 1360 1482 species
1389 1442 1542 1476 censent,
1571 1435 1612 1470 ad
1642 1449 1735 1470 unam
1762 1449 1838 1470 esse
1866 1435 2081 1470 revocandas.
2131 1433 2259 1482 Negari

654 1492 786 1540 quidem
812 1506 876 1528 non
907 1500 1036 1541 potest,
1062 1493 1120 1529 has
1148 1494 1269 1528 formas
1297 1494 1406 1541 aliquo
1438 1495 1538 1529 modo
1573 1496 1656 1529 inter
1684 1508 1720 1529 se
1752 1494 1944 1542 discrepare
1973 1496 2114 1542 (quaero
2143 1500 2262 1535 autem,

653 1565 728 1586 num
757 1552 820 1586 hoc
849 1554 926 1587 satis
954 1554 994 1587 sit
1021 1553 1062 1587 ad
1088 1555 1235 1601 speciem
1262 1553 1595 1599 determinandaml),
1629 1553 1689 1588 sed
1725 1554 1872 1601 singulae
1912 1555 2130 1601 vegetationis
2163 1554 2263 1588 ratio-

654 1625 712 1646 nes
751 1624 935 1659 omnesque
977 1625 1088 1646 earum
1128 1619 1240 1660 partes
1282 1618 1402 1647 tantam
1441 1613 1627 1647 affinitatem
1670 1613 1863 1654 ostendunt,
1903 1620 1935 1647 ut
1977 1627 2041 1647 non
2081 1614 2140 1647 uisi
2183 1612 2262 1646 sub-

653 1671 797 1706 tilissima
837 1672 1089 1719 investigatione
1129 1672 1293 1706 levissima
1331 1673 1400 1713 illa,
1441 1673 1562 1720 quibus
1607 1673 1690 1706 inter
1735 1685 1771 1707 se
1817 1672 1951 1712 distant,
2001 1672 2134 1719 probari
2181 1684 2260 1719 pos-

654 1731 725 1764 sint.
790 1729 867 1765 Nec
908 1730 1026 1765 desunt
1064 1732 1227 1765 transitus.
1296 1731 1343 1766 Ut
1384 1732 1433 1767 his
1465 1732 1576 1766 l'ormis
1611 1745 1730 1766 nomen
1774 1731 1966 1766 Fumariae
2001 1732 2128 1765 mediae
2168 1729 2261 1770 Lois,

655 1790 745 1837 quod
786 1792 883 1825 toties
932 1796 1165 1824 commutatum
1210 1796 1243 1824 et
1282 1790 1323 1825 de
1366 1805 1432 1839 quo
1487 1791 1620 1825 multum
1666 1791 1867 1838 disputatum
1910 1791 1988 1832 suit,
2038 1791 2262 1830 restituerem,

656 1850 748 1894 jussit
776 1849 827 1883 lex
852 1850 1038 1897 prioritatis,
1072 1855 1105 1882 ut
1139 1848 1189 1883 Cl.
1219 1851 1379 1884 inventori
1407 1864 1501 1885 suum
1532 1851 1726 1890 tribuerem,
1756 1852 1809 1897 qui
1839 1850 1926 1884 nullo
1957 1849 2056 1884 modo
2086 1849 2142 1884 lias
2170 1862 2262 1883 com-

654 1910 867 1949 mutationes,
911 1921 995 1955 quae
1038 1914 1156 1955 postea
1203 1908 1307 1943 factae
1354 1916 1444 1951 suut,
1495 1910 1653 1949 attulerit,
1699 1909 1758 1944 sed
1798 1910 1930 1943 nomine
1972 1909 2035 1943 hoc
2080 1922 2175 1942 unam
2210 1908 2262 1943 vel

655 1967 787 2002 alteram
827 1967 939 2002 harum
986 1967 1161 2001 formarum
1211 1969 1420 2014 spectaverit.
1485 1970 1693 2004 Fumarium
1730 1969 1874 2003 ‘mediam
1914 1968 2001 2002 nullo
2044 1968 2144 2002 modo
2186 1982 2262 2002 esse

656 2027 792 2061 l'ormam
835 2027 997 2075 quandam
1038 2026 1230 2061 cmmariae
1270 2033 1438 2072 agrariae
1478 2027 1563 2076 Lag.
1602 2042 1642 2063 eo
1686 2028 1779 2062 facile
1820 2028 1954 2075 probari
1997 2033 2122 2074 potest,
2171 2027 2260 2074 quod

656 2084 831 2121 Loiseleur
871 2088 901 2120 in
945 2085 1169 2133 descriptione
1209 2099 1266 2120 sua
1316 2086 1500 2129 contendit,
1540 2087 1748 2121 Fumarium
1790 2087 1933 2120 mediam
1974 2087 2058 2120 circa
2096 2084 2261 2120 Lutetiam

655 2144 858 2180 Parisiorum
900 2159 975 2180 esse
1021 2158 1086 2179 uon
1128 2159 1253 2185 raram,
1293 2158 1392 2193 quum
1436 2160 1454 2181 e
1495 2148 1659 2181 contrario
1706 2146 1879 2179 anuria
1922 2150 2071 2191 agraria
2112 2146 2155 2179 ibi
2196 2158 2260 2179 non

656 2211 818 2239 occurrat.
891 2203 965 2239 Jam
1011 2217 1090 2238 vero
1132 2205 1341 2239 Emnariam
1380 2207 1524 2240 mediam
1563 2204 1655 2240 Lois.
1697 2205 1784 2239 nullo
1829 2204 1929 2239 modo
1972 2205 2108 2239 sormam
2156 2217 2259 2251 quan-

656 2263 730 2297 dam
758 2263 949 2298 Fumariae
978 2263 1169 2310 officinalis
1194 2270 1347 2311 spectare
1373 2278 1486 2312 posse,
1516 2266 1586 2312 ipsa
1615 2264 1839 2311 descriptione
1864 2264 1997 2311 probari
2020 2270 2141 2310 potest,
2163 2276 2260 2311 quam

657 2322 721 2357 hoc
745 2323 820 2357 loco
846 2323 972 2357 allatam
1000 2322 1093 2356 volo:
1126 2323 1319 2357 »Fumaria
1344 2324 1440 2358 caule
1466 2322 1662 2358 subra‘moso
1676 2331 1792 2363 erecto,
1806 2323 1913 2368 foliis
1928 2321 2125 2370 bipimmtis,
2150 2325 2261 2358 2-5-

658 2382 841 2421 lacimatis,
869 2382 1004 2416 laciniis
1019 2379 1169 2426 oblongis
1186 2382 1318 2429 planis,
1337 2383 1476 2430 petiolis
1502 2381 1926 2421 κςτιῦειῗννήοςο-ιὉητὀίηίὶς1
1955 2386 2098 2415 racemis
2125 2382 2261 2428 elonga-

658 2446 701 2474 tis
727 2441 987 2486 oppositzfolzlz's,
1022 2440 1194 2487 calycz'bas
1218 2442 1382 2481 dentatis,
1405 2446 1617 2488 pericarpiz's
1644 2445 1894 2488 monospermis.
1949 2440 2122 2475 Fumaria
2151 2445 2262 2488 major

646 2497 800 2544 ιῘΙοντόῑιε
833 2499 938 2533 dilate
961 2504 1156 2546 purpureis
1192 2499 1289 2534 Vaill.
1326 2500 1403 2534 Bot.
1432 2504 1546 2547 paris.
1575 2501 1617 2534 56
1643 2507 1666 2533 t.
1697 2500 1739 2533 ,Y
1753 2500 1788 2545 f.
1821 2503 1839 2533 4
1870 2500 2010 2543 (ea-clus.
2034 2500 2086 2547 pl.
2115 2505 2258 2547 synon).

662 2556 754 2592 Cette
774 2557 897 2605 plante
939 2566 990 2592 est
1025 2559 1276 2592 intermediaire
1315 2565 1408 2591 entre
1449 2558 1483 2592 la
1525 2558 1698 2592 Fumaria
1737 2558 1928 2605 officinalis
1958 2567 1990 2593 et
2021 2559 2054 2593 la
2086 2560 2260 2594 cmmarz'a

658 2616 873 2664 capreolata:
904 2621 989 2650 mais
1018 2617 1077 2651 elle
1103 2631 1125 2651 a
1155 2631 1200 2651 zm
1228 2625 1315 2665 port
1337 2616 1557 2664 partc'cule'er,
1586 2622 1642 2664 qui
1668 2618 1702 2652 la
1719 2619 1803 2664 fait
1830 2618 2023 2663 distinguer
2048 2619 2088 2652 de
2119 2619 2206 2653 [εἰπε
2228 2627 2261 2653 et
