2435 3188
686 233 742 274 96

864 338 923 388 Sp.
956 341 985 375 1.
1041 339 1152 375 Aran.
1178 337 1499 376 DOMESTICUS.
1529 352 1561 388 p.
1594 339 1651 376 76.
1681 338 1730 375 Pl.
1760 340 1793 375 2.
1821 339 1890 375 tab.
1920 340 1953 376 9.

942 424 1019 474 Fig.
1054 426 1068 459 1
1098 423 1203 475 (ipsa
1230 425 1390 476 aranea)
1416 429 1451 461 et
1477 424 1670 474 descriptio
1701 424 1746 461 ad
1772 430 1927 474 partem:

716 495 778 529 Syn.
802 494 957 531 Agelenn
985 494 1178 522 domestica
1199 495 1280 522 Szmd.
1304 496 1365 522 Act.
1389 495 1482 522 Holm.
1510 498 1594 523 1831.
1618 505 1642 532 p.
1668 499 1731 524 125.

804 543 996 580 Tegenaria
1081 553 1093 567 r(
1192 545 1286 570 Walck.
1310 544 1364 572 Ins.
1389 545 1452 581 Apt.
1477 544 1514 571 II.
1537 553 1562 580 p.
1589 548 1612 571 2.

905 603 917 617 (ι
1077 602 1090 616 «
1186 593 1262 619 Koch.
1287 592 1337 620 Die
1360 593 1478 619 Araehn.
1502 592 1581 620 VIII.
1605 602 1630 629 p.
1653 595 1698 619 27.
1722 593 1784 629 figg.
1810 596 1974 621 607—608.

1188 642 1280 668 Westr.
1304 641 1364 668 Act.
1388 641 1507 669 Gothob.
1534 643 1618 669 1851.
1642 651 1667 678 p.
1690 644 1736 668 46.

1062 699 1311 749 [TEGENARIA
1338 698 1361 734 d
1371 711 1393 735 o
1403 711 1439 734 m
1448 711 1468 735 e
1477 712 1494 736 s
1501 703 1514 735 t
1521 699 1533 735 i
1540 711 1560 735 c
1569 711 1590 735 a
1613 699 1816 750 (Clerck.)]

933 810 1009 859 Fig.
1038 810 1061 845 2
1089 810 1242 860 (palpas
1272 816 1380 845 maris
1373 811 1406 861 j
1432 814 1467 846 et
1492 810 1686 859 descriptio
1714 810 1760 846 ad
1785 814 1939 858 partem:

718 889 780 920 Sym,
805 886 938 912 Aranea
961 882 1155 911 domestica
1180 884 1251 909 Lina.
1275 883 1345 919 Syst.
1369 883 1432 910 Nat.
1456 882 1506 909 Ed.
1533 885 1576 910 10.
1601 883 1622 910 I.
1646 893 1669 919 p.
1697 888 1767 915 (3203
1794 882 1841 909 Ed.
1868 885 1911 909 12.
1934 892 1958 919 p.
1985 884 2067 909 1031.

1196 935 1227 959 id.
1272 932 1358 959 Fauu.
1382 932 1456 959 Snec
1483 932 1531 959 Ed.
1559 936 1630 969 212.
1656 936 1720 960 487.

1184 982 1220 1008 De
1241 982 1313 1009 Geor.
1338 981 1422 1009 Mem.
1446 981 1510 1009 VII.
1533 991 1558 1019 p.
1585 986 1649 1009 264.
1672 982 1708 1019 pl.
1736 985 1778 1009 l3.·
1799 982 1864 1018 figg.
1892 983 1965 1008 11-
1972 983 2015 1007 12.

1186 1031 1261 1058 Fabr.
1287 1031 1552 1068 Ent.Syst.11.p
1578 1034 1643 1058 412.

806 1080 960 1118 Agelena
982 1080 1102 1108 civilis
1123 1080 1204 1107 sumt.
1226 1080 1286 1107 Act.
1310 1080 1405 1108 Holm.
1433 1083 1516 1108 1831.
1538 1090 1564 1117 p.
1592 1083 1654 1108 127.

805 1130 999 1167 Tegenaria
1048 1141 1061 1155 α
1124 1131 1219 1156 Walck.
1243 1129 1298 1157 Ins.
1321 1130 1386 1167 Apt.
1410 1130 1447 1157 II.
1471 1139 1496 1167 p.
1521 1132 1546 1157 7.

1116 1180 1192 1206 Koch.
1215 1178 1266 1206 Die
1291 1178 1407 1206 Arachn.
1432 1179 1512 1207 VIII.
1536 1189 1560 1216 p.
1586 1182 1631 1206 37.
1655 1180 1718 1215 figg.
1744 1183 1911 1208 fiis—619.

1122 1230 1212 1255 Weser.
1236 1229 1296 1256 Act.
1320 1228 1440 1256 Gothob.
1467 1232 1550 1256 1851.
1573 1239 1598 1266 p.
1621 1232 1666 1256 46.

1141 1287 1390 1337 [TEGENARIA
1419 1287 1566 1323 civilis
1599 1288 1753 1337 Walckj

794 1401 869 1439 Sub
904 1400 971 1437 hac
1012 1400 1258 1436 nominatione
1297 1401 1521 1438 CLERCKIUM
1551 1401 1639 1437 duas
1667 1400 1762 1436 bene
1791 1401 1954 1451 cognitas
1981 1401 2132 1450 species,
2165 1403 2246 1449 Teg.

638 1465 765 1501 civilem
797 1466 833 1498 et
870 1462 951 1508 Teg.
980 1462 1197 1496 domesticam
1225 1459 1450 1502 confudisse,
1492 1473 1540 1496 ex
1581 1460 1824 1508 descriptione
1865 1459 2050 1496 evidenter
2090 1465 2246 1509 apparet.

638 1523 733 1559 Dicit
772 1521 877 1557 etiam
915 1520 1009 1568 ipse:
1053 1519 1217 1555 «Horum
1248 1531 1405 1554 examen
1436 1531 1493 1554 me
1534 1519 1569 1554 in
1606 1518 1878 1554 admirationem
1918 1518 2125 1555 inducebat:
2162 1519 2247 1554 nulli

639 1582 741 1623 enim,
770 1580 907 1630 pictura
934 1583 968 1615 et
995 1577 1189 1620 coloribus,
1219 1577 1323 1614 simul
1352 1590 1393 1613 ac
1420 1578 1566 1613 omnino
1583 1577 1676 1613 ullus
1704 1578 1905 1626 comparari
1932 1582 2080 1627 poterat,
2108 1578 2246 1614 tametsi

640 1641 753 1690 pedes
791 1637 949 1686 cujusvis
987 1637 1114 1673 ordine
1157 1637 1327 1686 aequales
1368 1636 1540 1672 brevitate
1564 1649 1604 1672 se
1630 1637 1867 1686 excipiebant.
1923 1637 2122 1673 Oculorum
2149 1637 2245 1678 situs,

641 1712 713 1750 quo
743 1698 845 1748 pauci
873 1709 998 1746 parum
1028 1696 1242 1732 differebant
1268 1709 1288 1732 a
1315 1696 1471 1745 reliquis,
1499 1708 1630 1732 novam
1658 1709 1732 1732 non
1759 1696 1948 1732 videbatur
1973 1696 2134 1745 speciem
2160 1709 2247 1732 con-

639 1759 822 1796 stituere.»
852 1779 900 1784 —
930 1756 1011 1791 Non
1039 1756 1084 1791 ita
1111 1755 1213 1791 facile
1241 1760 1303 1797 est,
1333 1755 1367 1791 in
1396 1755 1647 1804 descriptione,
1694 1768 1785 1804 quae
1831 1755 1969 1804 utrique
2010 1767 2134 1791 earum
2161 1767 2248 1790 con-

640 1817 792 1858 veniant,
828 1814 997 1851 omnibus
1032 1814 1121 1850 locis
1162 1815 1385 1855 discernere;
1423 1815 1522 1863 quod
1551 1820 1670 1851 tamen
1705 1815 1740 1850 in
1777 1815 1828 1855 iis,
1860 1827 1952 1864 quae
1988 1815 2033 1851 de
2060 1813 2247 1850 abdominis

642 1878 748 1913 colore
776 1875 950 1916 dicuntur,
977 1873 1053 1909 Sine
1078 1874 1224 1923 negotio
1251 1873 1329 1909 fieri
1355 1878 1481 1923 potest.
1536 1875 1719 1909 «Aliorum
1745 1875 1842 1909 alvus
1868 1876 1983 1910 leviter
2009 1875 2139 1919 furum·
2182 1875 2247 1909 ali-

642 1951 737 1972 ornm
766 1937 881 1970 leviter
907 1935 1022 1968 lucida
1050 1940 1121 1969 siue
1138 1940 1302 1982 pletura:
1330 1935 1566 1968 nonnullorum
1589 1949 1663 1969 vero
1690 1939 1802 1969 minus
1825 1935 1934 1969 lucide
1944 1942 2130 1980 guttatam
2157 1931 2246 1968 haee

641 1996 687 2032 ad
717 1995 798 2041 Teg.
828 1994 955 2029 civilem
982 1992 1146 2028 Walek.
1177 2004 1250 2028 non
1282 1992 1391 2028 dubie
1418 1992 1611 2040 pertinent;
1636 1992 1747 2028 verba
1774 1997 1908 2028 autem:
1937 2001 1994 2028 «et
2016 1999 2107 2028 unice?
2141 1993 2247 2032 alvus,

643 2069 742 2104 qnam
764 2055 895 2102 figura
922 2051 1063 2092 eoeltibeefi
1088 2061 1212 2100 septem
1235 2054 1378 2087 maculis
1404 2052 1575 2093 sublatas,
1607 2058 1783 2087 anteriora
1808 2066 1925 2087 versus
1949 2051 2143 2098 majoribus,
2182 2051 2247 2086 ali-

642 2115 845 2164 quantulum
871 2117 1050 2158 coretI'gzti.s·,
1078 2120 1286 2157 segmentum
1312 2110 1551 2146 tenebricosum
1566 2113 1617 2147 ad
1639 2113 1883 2158 longitudinem
1907 2109 2127 2157 cingentibus,
2150 2119 2247 2145 nota-

644 2174 742 2210 bilis»
770 2171 941 2220 speciem,
969 2183 1061 2219 quae
1094 2172 1174 2217 Teg.
1205 2172 1386 2205 domestica
1428 2168 1537 2205 hodie
1564 2170 1608 2205 ab
1638 2169 1804 2205 omnibus
1831 2176 1987 2210 vocatur,
2028 2181 2101 2204 nou
2132 2168 2248 2204 minus

645 2231 800 2268 dilucide
828 2235 1106 2278 repraesentant.
1175 2229 1251 2265 Etsi
1288 2229 1406 2264 omnia
1443 2228 1620 2277 exempla,
1660 2241 1752 2277 quae
1795 2229 2006 2264 s'LERCKlUs
2049 2226 2246 2276 descripsit,

648 2303 756 2327 unum
783 2289 869 2325 illud
901 2288 931 2324 si
964 2288 1165 2336 exceperis,
1206 2288 1305 2337 quod
1343 2288 1447 2323 etiam
1478 2287 1640 2335 depinxit
1663 2288 1747 2337 (aes
1776 2293 1867 2321 unica·
1894 2287 2014 2321 alvus»
2044 2289 2136 2335 eet),
2166 2287 2246 2333 Teg.

646 2351 753 2386 civilis
793 2347 901 2383 fuisse
939 2347 1105 2383 videntur
1146 2347 1220 2394 (cui
1246 2347 1382 2395 speciei
1419 2346 1645 2393 subjicienda
1686 2351 1738 2381 est
1779 2345 1854 2380 fere
1899 2344 2058 2380 omnium
2085 2349 2246 2381 veterum

647 2408 862 2456 scriptorum
886 2408 950 2441 Ar.
975 2406 1190 2454 (harnestem),
1218 2412 1336 2440 tamen
1363 2405 1397 2440 in
1426 2403 1630 2440 nominibus
1658 2417 1721 2439 usu
1750 2403 1936 2440 tritisnihil
1962 2408 2015 2439 est
2027 2404 2246 2446 mutandum,

649 2479 758 2516 quum
786 2466 901 2509 fio-ura
927 2464 984 2499 illa
1003 2464 1098 2499 bona
1129 2464 1180 2504 sit,
1209 2476 1327 2512 neque
1355 2463 1459 2498 ullam
1488 2462 1532 2498 de
1557 2463 1689 2510 spec-ie
1718 2476 1823 2512 quain
1852 2462 2029 2510 exprimit,
2058 2462 2247 2499 dubitatio—

648 2538 731 2562 nem
760 2523 943 2572 reli.nquat
973 2546 1016 2551 —
1046 2524 1127 2569 Fig.
1156 2528 1176 2558 Ξ
1199 2522 1340 2570 palpum
1376 2521 1482 2557 maris
1520 2522 1600 2568 Teg.
1629 2524 1735 2558 cizilz's
1762 2521 1945 2571 effingere,
1985 2522 2149 2558 SUNDEV.
2171 2524 2246 2570 jam

649 2582 843 2633 perspexit.
