2435 3188
1648 254 1727 296 117

191 369 278 400 tarsi
305 363 397 411 apice
423 360 514 395 susci.
566 357 687 394 Omnia
723 357 919 399 internodia,
955 358 1049 393 coxis
1076 363 1109 392 et
1134 357 1315 393 semoribus
1341 359 1506 405 exceptis,
1533 360 1724 396 obscuriora
1751 363 1783 396 in

190 422 329 471 pedibus
352 420 489 468 posticis
521 423 608 458 sunt,
644 429 739 464 quam
767 417 797 450 in
824 416 958 464 reliquis
992 415 1146 464 pedibus.
1198 415 1421 452 Abdomen
1460 417 1603 453 obscure
1640 419 1782 463 fuscum,

190 481 262 529 pilis
287 477 535 514 cinereo-fuscis
571 476 741 516 vestitum,
779 476 886 510 antice
911 474 1028 510 lineola
1055 488 1176 523 parva,
1208 475 1448 523 longitudinali,
1473 489 1492 510 e
1517 477 1592 524 pilis
1616 478 1783 513 albicanti-

187 540 249 575 bus
272 537 422 577 l'ormata;
449 536 478 571 in
505 547 569 570 uno
595 533 742 569 alterove
768 534 924 582 exemplo
950 534 1029 569 loco
1060 536 1132 581 ejus
1163 535 1302 582 vestigia
1328 534 1447 570 adsunt
1472 535 1575 571 lineae
1600 536 1782 574 ordinariae

188 595 428 636 sub-hastatae‚
457 595 589 641 nigrore
613 593 813 635 terminatae,
836 599 884 635 et,
910 595 940 628 in
963 593 1065 628 dorso
1091 594 1234 641 postico,
1260 602 1458 641 punctorum
1486 595 1783 639 sub-cinereorum,

186 657 216 691 in
243 654 322 690 duas
361 654 464 689 series
494 652 740 700 dispositorum.
792 651 828 687 In
856 651 1012 688 lateribus
1039 652 1120 687 infra
1157 659 1190 688 et
1221 653 1252 687 in
1278 658 1412 696 ventre,
1452 655 1505 701 qui
1536 654 1628 689 lineis
1656 654 1783 689 duabus

185 712 416 762 nigricantibus
442 716 586 752 notatur,
611 710 744 745 densius
769 712 843 759 pilis
871 711 1142 747 albido-cinereis
1167 712 1320 747 vestitum
1345 717 1397 747 est
1417 712 1593 748 abdomen.
1621 713 1784 762 Epigyue

186 773 425 811 sub-testacea,
457 770 525 805 basi
553 769 714 804 interdum
733 771 918 805 obscurior.
970 769 1184 805 Mamillae
1213 770 1435 819 ferrugineae‚
1460 772 1532 807 basi
1557 778 1731 808 testaceae.

331 869 454 906 Mense
478 869 573 905 Junii
599 869 750 906 feminas
775 869 882 919 huJus
908 870 1043 919 speciei
1070 869 1105 907 in
1131 875 1253 907 monte
1280 870 1326 906 ad
1357 871 1538 908 Jonsered
1563 872 1599 908 in
1618 871 1782 908 Westro-

182 929 302 978 gothia
329 928 533 978 frequentes
559 928 688 971 inveni,
713 929 806 966 inter
834 929 949 966 ericas
976 934 1162 966 currentes
1191 929 1429 979 sacculosque
1468 944 1620 968 ovorum
1658 944 1782 968 secum

182 977 345 1025 ferentes.
398 987 446 1024 Hi
471 988 493 1022 4
519 987 650 1024 millim.
677 987 852 1024 diametro
880 993 989 1031 erant,
1016 987 1328 1037 sub-complanati,
1356 993 1479 1026 sutura
1507 990 1621 1032 tenui,
1648 990 1782 1027 elevata

182 1047 294 1088 cincti,
322 1046 378 1083 vel
404 1046 646 1083 sub-caerulei
674 1047 747 1089 toti,
775 1047 832 1084 vel
848 1047 960 1098 magis
976 1048 1119 1091 cinerei,
1148 1048 1357 1098 praesertim
1372 1047 1508 1091 subtus,
1531 1049 1674 1099 cingulo
1689 1049 1781 1092 albo,

182 1107 251 1144 lato
277 1105 344 1143 sub
369 1111 491 1141 sutura
516 1105 734 1142 circumdati.
789 1105 927 1143 Marem
956 1107 1090 1143 nullum
1116 1107 1198 1143 vidi.
1229 1129 1273 1135 —-
1300 1107 1361 1143 Ab
1390 1107 1567 1151 omnibus,
1596 1121 1677 1144 cum
1706 1109 1782 1158 qui-

182 1166 249 1202 bus
275 1164 446 1201 confundi
472 1168 598 1213 potest,
624 1164 790 1201 facillime
815 1165 1070 1203 internoscitur
1097 1165 1187 1202 haec
1227 1166 1368 1215 species
1406 1173 1568 1216 epigynes
1606 1168 1721 1204 fornia
1746 1172 1781 1204 et

182 1224 314 1267 colore,
343 1223 425 1260 vitta
451 1222 583 1259 dorsali
597 1223 906 1273 cephalothoracis
920 1232 1032 1261 arltc'ce
1055 1227 1185 1268 latiore,
1214 1230 1279 1261 cet.
1333 1226 1369 1261 A
1396 1227 1481 1275 Lyc.
1509 1233 1695 1274 sacclgera,
1725 1227 1782 1263 cui

182 1283 305 1319 colore
331 1283 494 1332 corporis
520 1287 574 1319 sat
606 1283 729 1320 similis
769 1288 831 1327 est,
869 1292 1057 1334 praeterea
1080 1285 1198 1321 differt
1223 1284 1468 1334 magnitudine
1497 1287 1615 1335 paullo
1644 1288 1781 1334 majore

181 1346 216 1378 et
243 1341 379 1390 pictura
405 1341 607 1378 abdominis
634 1343 751 1379 minus
779 1343 883 1379 etiam
912 1356 1097 1392 expressa.

408 1486 467 1534 Sp.
492 1487 524 1522 6.
576 1487 996 1524 PULVERULENTUS.
1026 1501 1058 1537 p.
1088 1489 1145 1525 93.
1173 1487 1222 1525 Pl.
1253 1490 1285 1525 4.
1314 1489 1383 1526 tab.
1414 1491 1445 1526 6.

261 1574 324 1608 Syn.
346 1574 477 1611 Lycosa
497 1575 747 1612 pulverulenta
768 1577 848 1604 Sund.
873 1578 933 1606 Act.
958 1577 1051 1606 Holm.
1077 1581 1161 1606 1832.
1185 1588 1209 1616 p.
1236 1582 1299 1607 186.

406 1635 419 1649 «
491 1625 721 1661 graminicola
748 1628 843 1654 Walcle.
866 1627 920 1654 Ins.
944 1628 1009 1663 Apt.
1033 1627 1054 1655 I.
1077 1637 1101 1665 p.
1126 1631 1191 1655 312.

342 1673 415 1710 Lyc.
438 1674 644 1707 (Tm-antula)
666 1675 904 1712 gasteincnsis
927 1678 1003 1704 [soen.
1027 1677 1077 1704 Die
1101 1677 1217 1705 Arachn.
1241 1678 1317 1706 XIV.
1339 1688 1364 1716 p.
1391 1682 1455 1706 187.
1478 1679 1542 1716 figg.
1569 1681 1774 1706 1401—1402.

531 1734 545 1749 tt
669 1728 815 1753 cuneata
837 1728 869 1753 id.
892 1725 957 1753 ibid.
980 1735 1005 1762 p.
1031 1729 1095 1754 183.
1120 1727 1184 1763 figg.
1211 1730 1418 1756 1399—1400.

344 1772 472 1810 Lycosa
494 1773 740 1811 pulverulenta
769 1776 860 1803 Weser.
883 1776 944 1804 Act.
967 1776 1089 1804 Gothob.
1115 1779 1198 1805 1851.
1222 1787 1246 1814 p.
1271 1781 1315 1805 54.

570 1849 827 1899 [TARENTULA
850 1850 1164 1899 pulverulenta
1190 1852 1392 1903 (Clerck.)]

330 1961 368 1997 Si
402 1963 486 1998 Tar.
514 1972 659 1999 cuneata
684 1962 822 2000 Koch.
851 1963 979 1999 eadem
1010 1968 1072 2006 est,
1101 1977 1143 2000 ac
1175 1966 1498 2012 Tar.gasteinemis
1524 1964 1577 2000 id.
1609 1986 1652 1992 —
1683 1963 1780 2012 quod

183 2019 381 2057 addubitari
405 2021 466 2057 vix
495 2026 612 2070 potest
638 2045 684 2049 —
710 2027 809 2058 recte
844 2023 1020 2059 Kocnms
1060 2023 1151 2059 hanc
1180 2024 1339 2073 speciem
1375 2023 1630 2064 determinavit,
1672 2034 1781 2072 quum

182 2092 260 2115 eam
287 2092 373 2116 suae
406 2082 445 2116 T.
474 2090 636 2117 cmzeatae
663 2081 907 2129 subjunxerit3
935 2085 969 2117 at
994 2081 1024 2117 si
1049 2081 1139 2118 haec
1164 2095 1184 2118 a
1219 2085 1258 2118 T.
1278 2089 1489 2131 gasteinemz'
1508 2082 1648 2118 diversa
1676 2085 1779 2122 esset,

181 2142 255 2174 tum
283 2151 303 2174 e
329 2139 546 2187 synonymis
575 2141 639 2176 Ar.
659 2142 895 2190 pulverulenti
923 2141 1103 2176 removeri
1131 2141 1290 2183 deberet,
1323 2143 1362 2177 T.
1387 2147 1596 2189 gasteiwensi
1621 2152 1708 2175 vero
1724 2152 1780 2174 re-

181 2200 289 2238 tenta:
318 2196 459 2246 qualem
487 2198 580 2234 enim
609 2198 700 2235 hanc
728 2199 898 2236 describit
923 2200 1106 2241 Kocmus,
1138 2200 1215 2235 talis
1242 2204 1295 2236 est
1321 2213 1429 2236 verus
1457 2201 1499 2236 A.
1523 2200 1779 2249 pulverulentus

182 2255 351 2291 Clerck.
405 2255 545 2293 Macula
572 2258 722 2294 dorsalis
749 2258 952 2294 abdominis
977 2258 1012 2294 in
1040 2258 1161 2294 medio
1191 2259 1347 2300 dentata,
1387 2259 1563 2308 vittaeque
1603 2258 1780 2307 obliquae,

181 2313 336 2350 alternae
361 2314 482 2351 fuscae
509 2319 544 2351 et
570 2316 686 2352 clarae
709 2317 875 2366 utrinque
901 2317 936 2353 in
964 2317 1166 2366 posteriore
1206 2317 1408 2360 abdomine,
1449 2317 1578 2367 quibus
1616 2317 1709 2353 notis
1738 2318 1777 2352 T.

179 2379 405 2419 gasteinensz's
431 2386 451 2409 a
482 2376 520 2409 T.
545 2385 690 2412 cuneata
723 2375 859 2412 Koch.
900 2376 1094 2425 praecipue
1134 2376 1278 2413 differre
1318 2377 1468 2418 videtur,
1508 2376 1544 2412 in
1588 2381 1707 2412 nostra
1741 2378 1779 2412 T.

178 2432 417 2479 pulverulenta
455 2433 668 2483 plerumque
706 2434 843 2477 adsunt,
885 2435 950 2471 etsi
991 2447 1261 2484 nonnumquam
1302 2435 1544 2472 obliterantur.
1613 2435 1776 2472 SUNDEV.

183 2487 273 2525 hanc
297 2489 468 2538 picturam
496 2492 703 2528 nominatim
732 2493 917 2530 describit:
958 2493 1178 2530 «Abdomen
1205 2517 1252 2524 —
1277 2518 1324 2522 -
1351 2507 1509 2544 superne
1541 2494 1679 2530 macula
1704 2494 1777 2531 lan-

185 2547 329 2590 ceolata,
357 2554 515 2598 utrinque
540 2552 590 2586 ad
610 2553 754 2587 medium
776 2555 998 2596 unidentata5
1037 2553 1121 2589 vitta
1147 2553 1300 2590 lateralis
1332 2553 1555 2604 nigro-fusca
1580 2555 1717 2602 postice
1742 2553 1776 2589 in

185 2606 340 2643 maculas
365 2620 391 2643 s.
418 2609 554 2644 lineolas
581 2609 730 2658 obliquas
755 2610 958 2659 interrupta.
968 2631 984 2645 ιι
1053 2613 1156 2658 Quae
1182 2612 1336 2649 lineolae
1363 2613 1532 2662 obliquae
1571 2612 1778 2649 manifestae
